@article{Wiener2009,
	abstract = {For large numbers of targets, path planning is a complex and computationally expensive task. Humans, however, usually solve such tasks quickly and efficiently. We present experiments studying human path planning performance and the cognitive processes and heuristics involved. Twenty-five places were arranged on a regular grid in a large room. Participants were repeatedly asked to solve traveling salesman problems (TSP), i.e., to find the shortest closed loop connecting a start location with multiple target locations. In Experiment 1, we tested whether humans employed the nearest neighbor (NN) strategy when solving the TSP. Results showed that subjects outperform the NN-strategy, suggesting that it is not sufficient to explain human route planning behavior. As a second possible strategy we tested a hierarchical planning heuristic in Experiment 2, demonstrating that participants first plan a coarse route on the region level that is refined during navigation. To test for the relevance of spatial working memory (SWM) and spatial long-term memory (LTM) for planning performance and the planning heuristics applied, we varied the memory demands between conditions in Experiment 2. In one condition the target locations were directly marked, such that no memory was required; a second condition required participants to memorize the target locations during path planning (SWM); in a third condition, additionally, the locations of targets had to retrieved from LTM (SWM and LTM). Results showed that navigation performance decreased with increasing memory demands while the dependence on the hierarchical planning heuristic increased.},
	author = {Wiener, J M and Ehbauer, N N and Mallot, H a},
	doi = {10.1007/s00426-008-0181-3},
	file = {:E:/Google Drive/PhD/papers/\_general/Wiener\_Ehbauer\_Mallot\_in\_press.pdf:pdf},
	issn = {1430-2772},
	journal = {Psychological research},
	keywords = {Adult,Female,Humans,Male,Memory,Mental Processes,Motivation,Problem Solving,Space Perception},
	month = sep,
	number = {5},
	pages = {644--58},
	pmid = {18998160},
	title = {{Planning paths to multiple targets: memory involvement and planning heuristics in spatial problem solving.}},
	url = {http://www.ncbi.nlm.nih.gov/pubmed/18998160},
	volume = {73},
	year = {2009}
}

@inproceedings{delgado1995solution,
	title={Solution of a linear system using a neural network based on iterative techniques},
	author={Delgado, Heriberto J and Fausett, Laurene V},
	booktitle={SPIE's 1995 Symposium on OE/Aerospace Sensing and Dual Use Photonics},
	pages={798--809},
	year={1995},
	organization={International Society for Optics and Photonics}
}

@article{gower1975generalized,
	title={Generalized procrustes analysis},
	author={Gower, John C},
	journal={Psychometrika},
	volume={40},
	number={1},
	pages={33--51},
	year={1975},
	publisher={Springer}
}


@article{murgia2009estimation,
	title={Estimation of distances in virtual environments using size constancy},
	author={Murgia, Alessio and Sharkey, Paul M and others},
	journal={The International Journal of Virtual Reality},
	volume={8},
	number={1},
	pages={67--74},
	year={2009}
}

@article{waller1999factors,
	title={Factors affecting the perception of interobject distances in virtual environments},
	author={Waller, David},
	journal={Presence: Teleoperators and Virtual Environments},
	volume={8},
	number={6},
	pages={657--670},
	year={1999},
	publisher={MIT Press}
}

@article{grechkin2010does,
	title={How does presentation method and measurement protocol affect distance estimation in real and virtual environments?},
	author={Grechkin, Timofey Y and Nguyen, Tien Dat and Plumert, Jodie M and Cremer, James F and Kearney, Joseph K},
	journal={ACM Transactions on Applied Perception (TAP)},
	volume={7},
	number={4},
	pages={26},
	year={2010},
	publisher={ACM}
}

@article{plumert2005distance,
	title={Distance perception in real and virtual environments},
	author={Plumert, Jodie M and Kearney, Joseph K and Cremer, James F and Recker, Kara},
	journal={ACM Transactions on Applied Perception (TAP)},
	volume={2},
	number={3},
	pages={216--233},
	year={2005},
	publisher={ACM}
}

@article{durgin2009precision,
	title={The precision of locomotor odometry in humans},
	author={Durgin, Frank H and Akagi, Mikio and Gallistel, Charles R and Haiken, Woody},
	journal={Experimental brain research},
	volume={193},
	number={3},
	pages={429--436},
	year={2009},
	publisher={Springer}
}

@article{brust2015convolutional,
	title={Convolutional patch networks with spatial prior for road detection and urban scene understanding},
	author={Brust, Clemens-Alexander and Sickert, Sven and Simon, Marcel and Rodner, Erik and Denzler, Joachim},
	journal={arXiv preprint arXiv:1502.06344},
	year={2015}
}

@article{diba2007forward,
	title={Forward and reverse hippocampal place-cell sequences during ripples},
	author={Diba, Kamran and Buzs{\'a}ki, Gy{\"o}rgy},
	journal={Nature neuroscience},
	volume={10},
	number={10},
	pages={1241--1242},
	year={2007},
	publisher={Nature Publishing Group}
}

@article{mehta2000experience,
	title={Experience-dependent asymmetric shape of hippocampal receptive fields},
	author={Mehta, Mayank R and Quirk, Michael C and Wilson, Matthew A},
	journal={Neuron},
	volume={25},
	number={3},
	pages={707--715},
	year={2000},
	publisher={Elsevier}
}

@inproceedings{olson2006fast,
	title={Fast iterative alignment of pose graphs with poor initial estimates},
	author={Olson, Edwin and Leonard, John and Teller, Seth},
	booktitle={Robotics and Automation, 2006. ICRA 2006. Proceedings 2006 IEEE International Conference on},
	pages={2262--2269},
	year={2006},
	organization={IEEE}
}

@article{bengio2015towards,
	title={Towards Biologically Plausible Deep Learning},
	author={Bengio, Yoshua and Lee, Dong-Hyun and Bornschein, Jorg and Lin, Zhouhan},
	journal={arXiv preprint arXiv:1502.04156},
	year={2015}
}

@article{frese2006discussion,
	title={A discussion of simultaneous localization and mapping},
	author={Frese, Udo},
	journal={Autonomous Robots},
	volume={20},
	number={1},
	pages={25--42},
	year={2006},
	publisher={Springer}
}

@article{koch2000role,
	title={The role of single neurons in information processing},
	author={Koch, Christof and Segev, Idan},
	journal={nature neuroscience},
	volume={3},
	pages={1171--1177},
	year={2000},
	publisher={Nature Publishing Group}
}

@article{Jarsky2005, title={Conditional dendritic spike propagation following distal synaptic activation of hippocampal {CA1} pyramidal neurons.}, volume={8}, url={http://www.ncbi.nlm.nih.gov/pubmed/16299501}, number={12}, journal={Nature Neuroscience}, publisher={Nature Publishing Group}, author={Jarsky, Tim and Roxin, Alex and Kath, William L and Spruston, Nelson}, year={2005}, pages={1667--1676}}
@article{Takahashi2009, title={Pathway interactions and synaptic plasticity in the dendritic tuft regions of {CA1} pyramidal neurons.}, volume={62}, url={http://www.ncbi.nlm.nih.gov/pubmed/19376070}, number={1}, journal={Neuron}, publisher={Elsevier Ltd}, author={Takahashi, Hiroto and Magee, Jeffrey C}, year={2009}, pages={102--111}}
@article{Katz2007, title={Coincidence detection of place and temporal context in a network model of spiking hippocampal neurons}, 
	author={Katz, Yael and Kath, William L and Spruston, Nelson and Hasselmo, Michael E},
	journal={PLoS Computational Biology},
	volume={3},
	number={12},
	pages={e234},
	year={2007},
	publisher={Public Library of Science}
}

@inproceedings{montemerlo2002fastslam,
	title={FastSLAM: A factored solution to the simultaneous localization and mapping problem},
	author={Montemerlo, Michael and Thrun, Sebastian and Koller, Daphne and Wegbreit, Ben and others},
	booktitle={AAAI/IAAI},
	pages={593--598},
	year={2002}
}

@article{brandon2012head,
	title={Head direction cells in the postsubiculum do not show replay of prior waking sequences during sleep},
	author={Brandon, Mark P and Bogaard, Andrew R and Andrews, Chris M and Hasselmo, Michael E},
	journal={Hippocampus},
	volume={22},
	number={3},
	pages={604--618},
	year={2012},
	publisher={Wiley Online Library}
}

@article{brandon2012head,
	title={Head direction cells in the postsubiculum do not show replay of prior waking sequences during sleep},
	author={Brandon, Mark P and Bogaard, Andrew R and Andrews, Chris M and Hasselmo, Michael E},
	journal={Hippocampus},
	volume={22},
	number={3},
	pages={604--618},
	year={2012},
	publisher={Wiley Online Library}
}

@article{mcnaughton1996deciphering,
	title={Deciphering the hippocampal polyglot: the hippocampus as a path integration system.},
	author={McNaughton, BL and Barnes, CA and Gerrard, JL and Gothard, K and Jung, MW and Knierim, JJ and Kudrimoti, H and Qin, Y and Skaggs, WE and Suster, M and others},
	journal={The Journal of Experimental Biology},
	volume={199},
	number={1},
	pages={173--185},
	year={1996},
	publisher={The Company of Biologists Ltd}
}

@article{etienne1996path,
	title={Path integration in mammals and its interaction with visual landmarks.},
	author={Etienne, Ariane S and Maurer, Roland and S{\'e}guinot, Val{\'e}rie},
	journal={The Journal of Experimental Biology},
	volume={199},
	number={1},
	pages={201--209},
	year={1996},
	publisher={The Company of Biologists Ltd}
}

@article{szegedy2014going,
	title={Going deeper with convolutions},
	author={Szegedy, Christian and Liu, Wei and Jia, Yangqing and Sermanet, Pierre and Reed, Scott and Anguelov, Dragomir and Erhan, Dumitru and Vanhoucke, Vincent and Rabinovich, Andrew},
	journal={arXiv preprint arXiv:1409.4842},
	year={2014}
}

@article{carr2011hippocampal,
	title={Hippocampal replay in the awake state: a potential substrate for memory consolidation and retrieval},
	author={Carr, Margaret F and Jadhav, Shantanu P and Frank, Loren M},
	journal={Nature neuroscience},
	volume={14},
	number={2},
	pages={147--153},
	year={2011},
	publisher={Nature Publishing Group}
}

@inproceedings{glover2010fab,
	title={FAB-MAP+ RatSLAM: appearance-based SLAM for multiple times of day},
	author={Glover, Arren J and Maddern, William P and Milford, Michael J and Wyeth, Gordon F},
	booktitle={Robotics and Automation (ICRA), 2010 IEEE International Conference on},
	pages={3507--3512},
	year={2010},
	organization={IEEE}
}

@inproceedings{milford2004ratslam,
	title={RatSLAM: a hippocampal model for simultaneous localization and mapping},
	author={Milford, Michael J and Wyeth, Gordon F and Rasser, DF},
	booktitle={Robotics and Automation, 2004. Proceedings. ICRA'04. 2004 IEEE International Conference on},
	volume={1},
	pages={403--408},
	year={2004},
	organization={IEEE}
}

@article{barrera2011comparative,
	title={Comparative experimental studies on spatial memory and learning in rats and robots},
	author={Barrera, Alejandra and C{\'a}ceres, Alejandra and Weitzenfeld, Alfredo and Ramirez-Amaya, Victor},
	journal={Journal of Intelligent \& Robotic Systems},
	volume={63},
	number={3-4},
	pages={361--397},
	year={2011},
	publisher={Springer}
}

@article{strosslin2005robust,
	title={Robust self-localisation and navigation based on hippocampal place cells},
	author={Str{\"o}sslin, Thomas and Sheynikhovich, Denis and Chavarriaga, Ricardo and Gerstner, Wulfram},
	journal={Neural networks},
	volume={18},
	number={9},
	pages={1125--1140},
	year={2005},
	publisher={Elsevier}
}

@article{scholkopf1995view,
	title={View-based cognitive mapping and path planning},
	author={Sch{\"o}lkopf, Bernhard and Mallot, Hanspeter A},
	journal={Adaptive Behavior},
	volume={3},
	number={3},
	pages={311--348},
	year={1995},
	publisher={Sage Publications}
}

@article{burgess2000predictions,
	title={Predictions derived from modelling the hippocampal role in navigation},
	author={Burgess, Neil and Jackson, Andrew and Hartley, Tom and O'keefe, John},
	journal={Biological cybernetics},
	volume={83},
	number={3},
	pages={301--312},
	year={2000},
	publisher={Springer}
}


@article{trafton2013act,
	title={Act-r/e: An embodied cognitive architecture for human-robot interaction},
	author={Trafton, Greg and Hiatt, Laura and Harrison, Anthony and Tamborello, Frank and Khemlani, Sangeet and Schultz, Alan},
	journal={Journal of Human-Robot Interaction},
	volume={2},
	number={1},
	pages={30--55},
	year={2013}
}

@article{milford2010solving,
	title={Solving navigational uncertainty using grid cells on robots},
	author={Milford, Michael J and Wiles, Janet and Wyeth, Gordon F},
	journal={PLoS Computational Biology},
	volume={6},
	number={11},
	pages={e1000995--1},
	year={2010},
	publisher={Public Library of Science}
}

@inproceedings{prasser2006outdoor,
	title={Outdoor simultaneous localisation and mapping using RatSLAM},
	author={Prasser, David and Milford, Michael and Wyeth, Gordon},
	booktitle={Field and Service Robotics},
	pages={143--154},
	year={2006},
	organization={Springer}
}

@article{williams2009comparison,
	title={A comparison of loop closing techniques in monocular SLAM},
	author={Williams, Brian and Cummins, Mark and Neira, Jos{\'e} and Newman, Paul and Reid, Ian and Tard{\'o}s, Juan},
	journal={Robotics and Autonomous Systems},
	volume={57},
	number={12},
	pages={1188--1197},
	year={2009},
	publisher={Elsevier}
}

@article{dellaert2006square,
	title={Square Root SAM: Simultaneous localization and mapping via square root information smoothing},
	author={Dellaert, Frank and Kaess, Michael},
	journal={The International Journal of Robotics Research},
	volume={25},
	number={12},
	pages={1181--1203},
	year={2006},
	publisher={SAGE Publications}
}

@article{laird2012cognitive,
	title={Cognitive robotics using the soar cognitive architecture},
	author={Laird, John E and Kinkade, Keegan R and Mohan, Shiwali and Xu, Joseph Z},
	journal={Cognitive Robotics AAAI Technical Report, WS-12},
	volume={6},
	year={2012}
}

@inproceedings{madl2013spatial,
	title={Spatial working memory in the LIDA cognitive architecture},
	author={Madl, Tamas and Franklin, Stan and Chen, Ke and Trappl, Robert},
	booktitle={Proc. international conference on cognitive modelling},
	year={2013}
}

@article{viskontas2006differences,
	title={Differences in mnemonic processing by neurons in the human hippocampus and parahippocampal regions},
	author={Viskontas, Indre V and Knowlton, Barbara J and Steinmetz, Peter N and Fried, Itzhak},
	journal={Journal of cognitive neuroscience},
	volume={18},
	number={10},
	pages={1654--1662},
	year={2006},
	publisher={MIT Press}
}

@article{jensen2000position,
	title={Position reconstruction from an ensemble of hippocampal place cells: contribution of theta phase coding},
	author={Jensen, Ole and Lisman, John E},
	journal={Journal of neurophysiology},
	volume={83},
	number={5},
	pages={2602--2609},
	year={2000},
	publisher={Am Physiological Soc}
}

@article{fiser2010statistically,
	title={Statistically optimal perception and learning: from behavior to neural representations},
	author={Fiser, J{\'o}zsef and Berkes, Pietro and Orb{\'a}n, Gerg{\H{o}} and Lengyel, M{\'a}t{\'e}},
	journal={Trends in cognitive sciences},
	volume={14},
	number={3},
	pages={119--130},
	year={2010},
	publisher={Elsevier}
}

@article{rand1971objective,
	title={Objective criteria for the evaluation of clustering methods},
	author={Rand, William M},
	journal={Journal of the American Statistical association},
	volume={66},
	number={336},
	pages={846--850},
	year={1971},
	publisher={Taylor \& Francis Group}
}

@article{dry2006human,
	title={Human performance on visually presented traveling salesperson problems with varying numbers of nodes},
	author={Dry, Matthew and Lee, Michael D and Vickers, Douglas and Hughes, Peter},
	journal={The Journal of Problem Solving},
	volume={1},
	number={1},
	pages={4},
	year={2006}
}

@article{snaider2014modular,
	title={Modular composite representation},
	author={Snaider, Javier and Franklin, Stan},
	journal={Cognitive Computation},
	volume={6},
	number={3},
	pages={510--527},
	year={2014},
	publisher={Springer}
}

@inproceedings{khoshelham2011accuracy,
	title={Accuracy analysis of kinect depth data},
	author={Khoshelham, Kourosh},
	booktitle={ISPRS workshop laser scanning},
	volume={38},
	number={5},
	pages={W12},
	year={2011}
}

@article{baars2002conscious,
	title={The conscious access hypothesis: origins and recent evidence},
	author={Baars, Bernard J},
	journal={Trends in cognitive sciences},
	volume={6},
	number={1},
	pages={47--52},
	year={2002},
	publisher={Elsevier}
}

@inproceedings{rusu2007extending,
	title={Extending Player/Stage/Gazebo towards cognitive robots acting in ubiquitous sensor-equipped environments},
	author={Rusu, Radu Bogdan and Maldonado, Alexis and Beetz, Michael and Gerkey, Brian},
	booktitle={ICRA Workshop for Networked Robot Systems},
	year={2007}
}

@inproceedings{quigley2009ros,
	title={ROS: an open-source Robot Operating System},
	author={Quigley, Morgan and Conley, Ken and Gerkey, Brian and Faust, Josh and Foote, Tully and Leibs, Jeremy and Wheeler, Rob and Ng, Andrew Y},
	booktitle={ICRA Workshop on Open Source Software},
	volume={3},
	number={3.2},
	pages={5},
	year={2009}
}

@article{csizmadia2008storage,
	title={Storage of the Distance between Place Cell Firing Fields in the Strength of Plastic Synapses with a Novel Learning Rule},
	author={Csizmadia, Gyorgy and Muller, Robert U},
	journal={Hippocampal Place Fields: Relevance to Learning and Memory: Relevance to Learning and Memory},
	pages={343},
	year={2008},
	publisher={Oxford University Press}
}

@article{samsonovich1997path,
	title={Path integration and cognitive mapping in a continuous attractor neural network model},
	author={Samsonovich, Alexei and McNaughton, Bruce L},
	journal={The Journal of neuroscience},
	volume={17},
	number={15},
	pages={5900--5920},
	year={1997},
	publisher={Soc Neuroscience}
}

@article{cheung2012maintaining,
	title={Maintaining a cognitive map in darkness: the need to fuse boundary knowledge with path integration},
	author={Cheung, Allen and Ball, David and Milford, Michael and Wyeth, Gordon and Wiles, Janet},
	journal={PLoS Comput. Biol},
	volume={8},
	pages={e1002651},
	year={2012}
}


@article{Jeffery2007a,
	author = {Jeffery, Kathryn J},
	doi = {10.1016/j.conb.2007.11.008},
	file = {:E:/Google Drive/PhD/papers/\_general/grid cells/!!!! 2007 Self-localization and the entorhinal–hippocampal system.pdf:pdf},
	issn = {0959-4388},
	journal = {Current Opinion in Neurobiology},
	keywords = {Animals,Entorhinal Cortex,Entorhinal Cortex: cytology,Entorhinal Cortex: physiology,Hippocastanaceae,Hippocastanaceae: cytology,Hippocastanaceae: physiology,Memory,Memory: physiology,Models, Neurological,Neural Pathways,Neural Pathways: physiology,Neurons,Neurons: physiology,Space Perception,Space Perception: physiology},
	month = dec,
	number = {6},
	pages = {684--91},
	pmid = {18249109},
	title = {{Self-localization and the entorhinal-hippocampal system.}},
	url = {http://www.ncbi.nlm.nih.gov/pubmed/18249109},
	volume = {17},
	year = {2007}
}

@article{Etienne1996,
	author = {Etienne, A S and Maurer, R and Séguinot, V}, 
	title = {Path integration in mammals and its interaction with visual landmarks.}, 
	volume = {199}, 
	number = {1}, 
	pages = {201-9}, 
	year = {1996}, 
	journal = {Journal of Experimental Biology} 
}

@inproceedings{griffiths2007unifying,
	title={Unifying rational models of categorization via the hierarchical Dirichlet process},
	author={Griffiths, Thomas L and Canini, Kevin R and Sanborn, Adam N and Navarro, Daniel J},
	booktitle={Proceedings of the 29th annual conference of the cognitive science society},
	pages={323--328},
	year={2007}
}

@inproceedings{sanborn2006more,
	title={A more rational model of categorization},
	author={Sanborn, Adam N and Griffiths, Thomas L and Navarro, Daniel J},
	booktitle={Proceedings of the 28th annual conference of the cognitive science society},
	pages={726--731},
	year={2006}
}

@inproceedings{suttasupa2011plane,
  title={Plane detection for Kinect image sequences},
  author={Suttasupa, Yuttana and Sudsang, Attawith and Niparnan, Nattee},
  booktitle={Robotics and Biomimetics (ROBIO), 2011 IEEE International Conference on},
  pages={970--975},
  year={2011},
  organization={IEEE}
}

@article{pecevski2011probabilistic,
	title={Probabilistic inference in general graphical models through sampling in stochastic networks of spiking neurons},
	author={Pecevski, Dejan and Buesing, Lars and Maass, Wolfgang},
	journal={PLoS Comput. Biol},
	volume={7},
	number={12},
	pages={e1002294},
	year={2011}
}

@inproceedings{poon2011sum,
	title={Sum-product networks: A new deep architecture},
	author={Poon, Hoifung and Domingos, Pedro},
	booktitle={Computer Vision Workshops (ICCV Workshops), 2011 IEEE International Conference on},
	pages={689--690},
	year={2011},
	organization={IEEE}
}

@article{Knill2004,
	author = {Knill, David C and Pouget, Alexandre},
	doi = {10.1016/j.tins.2004.10.007},
	file = {:E:/Google Drive/PhD/papers/neuronal state estimation/! Knill \& Pouget 2004 The Bayesian brain\_ the role of uncertainty in neural coding and computation.pdf:pdf},
	issn = {0166-2236},
	journal = {Trends in Neurosciences},
	keywords = {Animals,Bayes Theorem,Brain,Brain: physiology,Humans,Models, Biological,Nerve Net,Neurons,Neurons: metabolism,Perception},
	month = dec,
	number = {12},
	pages = {712--9},
	pmid = {15541511},
	title = {{The Bayesian brain: the role of uncertainty in neural coding and computation.}},
	url = {http://www.ncbi.nlm.nih.gov/pubmed/15541511},
	volume = {27},
	year = {2004}
}

@article{Ernst_Banks_2002, title={Humans integrate visual and haptic information in a statistically optimal fashion.}, volume={415}, url={http://www.ncbi.nlm.nih.gov/pubmed/11807554}, number={6870}, journal={Nature}, publisher={Nature Publishing Group}, author={Ernst, Marc O and Banks, Martin S}, year={2002}, pages={429--33}}

@article{Kording2004,
	author = {K{\"o}rding, Konrad P. and Ku, Shih-pi and Wolpert, Daniel M.}, 
	title = {Bayesian Integration in Force Estimation}, 
	volume = {92}, 
	number = {5}, 
	pages = {3161-3165}, 
	year = {2004}, 
	doi = {10.1152/jn.00275.2004}, 
	journal = {Journal of Neurophysiology} 
}

@article{Cheng2007,
	author = {Cheng, Ken and Shettleworth, Sara J and Huttenlocher, Janellen and Rieser, John J},
	doi = {10.1037/0033-2909.133.4.625},
	file = {:E:/Google Drive/PhD/papers/neuronal state estimation/!!!! 2007 Bayesian Integration of Spatial Information.pdf:pdf},
	issn = {0033-2909},
	journal = {Psychological Bulletin},
	keywords = {Animals,Ants,Bayes Theorem,Bees,Behavior, Animal,Behavior, Animal: physiology,Columbidae,Cricetinae,Cues,Humans,Rats,Space Perception,Space Perception: physiology,Spatial Behavior,Spatial Behavior: physiology},
	month = jul,
	number = {4},
	pages = {625--37},
	pmid = {17592958},
	title = {{Bayesian integration of spatial information.}},
	url = {http://www.ncbi.nlm.nih.gov/pubmed/17592958},
	volume = {133},
	year = {2007}
}

@article{Pfuhl2011,
	author = {Pfuhl, G and Tjelmeland, H and Biegler, R},
	doi = {10.1007/s11538-010-9547-y},
	file = {:E:/Google Drive/PhD/papers/neuronal state estimation/!!!! 2011 Precision and Reliability in Animal Navigation.pdf:pdf},
	issn = {1522-9602},
	journal = {Bulletin of Mathematical Biology},
	keywords = {Algorithms,Animal Migration,Animal Migration: physiology,Animals,Appetitive Behavior,Appetitive Behavior: physiology,Bayes Theorem,Bias (Epidemiology),Computer Simulation,Cues,Models, Biological,Orientation,Orientation: physiology,Probability,Statistical Distributions,Uncertainty},
	month = may,
	number = {5},
	pages = {951--77},
	pmid = {20496009},
	title = {{Precision and reliability in animal navigation.}},
	url = {http://www.ncbi.nlm.nih.gov/pubmed/20496009},
	volume = {73},
	year = {2011}
}

@article{Cheung2012,
	title={Maintaining a Cognitive Map in Darkness: The Need to Fuse Boundary Knowledge with Path Integration},
	author={Cheung, Allen and Ball, David and Milford, Michael and Wyeth, Gordon and Wiles, Janet},
	journal={PLoS Computational Biology},
	volume={8},
	number={8},
	pages={e1002651},
	year={2012},
	publisher={Public Library of Science}
}

@incollection{gupta2014learning,
	title={Learning rich features from RGB-D images for object detection and segmentation},
	author={Gupta, Saurabh and Girshick, Ross and Arbel{\'a}ez, Pablo and Malik, Jitendra},
	booktitle={Computer Vision--ECCV 2014},
	pages={345--360},
	year={2014},
	publisher={Springer}
}

@inproceedings{yamins2013hierarchical,
	title={Hierarchical modular optimization of convolutional networks achieves representations similar to macaque IT and human ventral stream},
	author={Yamins, Daniel L and Hong, Ha and Cadieu, Charles and DiCarlo, James J},
	booktitle={Advances in Neural Information Processing Systems},
	pages={3093--3101},
	year={2013}
}

@article{khaligh2014deep,
	title={Deep Supervised, but Not Unsupervised, Models May Explain IT Cortical Representation.},
	author={Khaligh-Razavi, SM and Kriegeskorte, N},
	journal={PLoS computational biology},
	volume={10},
	number={11},
	pages={e1003915},
	year={2014},
	publisher={Public Library of Science}
}

@article{bengio2015towards,
	title={Towards Biologically Plausible Deep Learning},
	author={Bengio, Yoshua and Lee, Dong-Hyun and Bornschein, Jorg and Lin, Zhouhan},
	journal={arXiv preprint arXiv:1502.04156},
	year={2015}
}

@inproceedings{stork1989backpropagation,
	title={Is backpropagation biologically plausible?},
	author={Stork, David G},
	booktitle={Neural Networks, 1989. IJCNN., International Joint Conference on},
	pages={241--246},
	year={1989},
	organization={IEEE}
}

@article{lecun2015deep,
	title={Deep learning},
	author={LeCun, Yann and Bengio, Yoshua and Hinton, Geoffrey},
	journal={Nature},
	volume={521},
	number={7553},
	pages={436--444},
	year={2015},
	publisher={Nature Publishing Group}
}

@article{schmidhuber2015deep,
	title={Deep learning in neural networks: An overview},
	author={Schmidhuber, J{\"u}rgen},
	journal={Neural Networks},
	volume={61},
	pages={85--117},
	year={2015},
	publisher={Elsevier}
}

@article{reitman1980organization,
	title={Organization revealed by recall orders and confirmed by pauses},
	author={Reitman, Judith S and Rueter, Henry H},
	journal={Cognitive Psychology},
	volume={12},
	number={4},
	pages={554--581},
	year={1980},
	publisher={Elsevier}
}

@article{mcnamara1989subjective,
	title={Subjective hierarchies in spatial memory.},
	author={McNamara, Timothy P and Hardy, James K and Hirtle, Stephen C},
	journal={Journal of Experimental Psychology: Learning, Memory, and Cognition},
	volume={15},
	number={2},
	pages={211},
	year={1989},
	publisher={American Psychological Association}
}

@article{meilinger2014local,
	title={Local and global reference frames for environmental spaces},
	author={Meilinger, Tobias and Riecke, Bernhard E and B{\"u}lthoff, Heinrich H},
	journal={The Quarterly Journal of Experimental Psychology},
	volume={67},
	number={3},
	pages={542--569},
	year={2014},
	publisher={Taylor \& Francis}
}

@article{greenauer2010micro,
	title={Micro-and macroreference frames: Specifying the relations between spatial categories in memory.},
	author={Greenauer, Nathan and Waller, David},
	journal={Journal of Experimental Psychology: Learning, Memory, and Cognition},
	volume={36},
	number={4},
	pages={938},
	year={2010},
	publisher={American Psychological Association}
}

@article{nardini2008development,
	title={Development of cue integration in human navigation},
	author={Nardini, Marko and Jones, Peter and Bedford, Rachael and Braddick, Oliver},
	journal={Current biology},
	volume={18},
	number={9},
	pages={689--693},
	year={2008},
	publisher={Elsevier}
}

@inproceedings{agrawal2014multi,
	title={Multi-Layer Cortical Learning Algorithms},
	author={Agrawal, Pulin and Franklin, Stan},
	booktitle={Computational Intelligence, Cognitive Algorithms, Mind, and Brain (CCMB), 2014 IEEE Symposium on},
	pages={141--147},
	year={2014},
	organization={IEEE}
}

@inproceedings{mccall2013cortical,
	title={Cortical Learning Algorithms with Predictive Coding for a Systems-Level Cognitive Architecture},
	author={McCall, Ryan and Franklin, Stan},
	booktitle={Second Annual Conference on Advances in Cognitive Systems Poster Collection},
	pages={149--66},
	year={2013}
}

@article{dong2015new,
	title={A New Action Execution Module for the Learning Intelligent Distribution Agent (LIDA): The Sensory Motor System},
	author={Dong, Daqi and Franklin, Stan},
	journal={Cognitive Computation},
	pages={1--17},
	publisher={Springer},
	year={2015}
}

@article{samsonovich2010toward,
	title={Toward a Unified Catalog of Implemented Cognitive Architectures.},
	author={Samsonovich, Alexei V},
	journal={BICA},
	volume={221},
	pages={195--244},
	year={2010}
}

@article{Barsalou_1999, title={Perceptual symbol systems}, volume={22}, number={04}, journal={Behavioral and brain sciences}, author={Barsalou, L. W}, year={1999}, pages={577--660}}

@article{Freeman_2002, title={The limbic action-perception cycle controlling goal-directed animal behavior}, volume={3}, journal={Neural Networks}, author={Freeman, W. J}, year={2002}, pages={2249--2254}}
@article{Fuster_2002, title={Physiology of executive functions: The perception-action cycle}, journal={Principles of frontal lobe function}, author={Fuster, J. M}, year={2002}, pages={96--108}}

@incollection{snaider2011lida,
	title={The LIDA framework as a general tool for AGI},
	author={Snaider, Javier and McCall, Ryan and Franklin, Stan},
	booktitle={Artificial General Intelligence},
	pages={133--142},
	year={2011},
	publisher={Springer}
}

@article{epstein2008parahippocampal,
	title={Parahippocampal and retrosplenial contributions to human spatial navigation},
	author={Epstein, Russell A},
	journal={Trends in cognitive sciences},
	volume={12},
	number={10},
	pages={388--396},
	year={2008},
	publisher={Elsevier}
}

@article{wilson2013lateral,
	title={Lateral entorhinal cortex is critical for novel object-context recognition},
	author={Wilson, David IG and Langston, Rosamund F and Schlesiger, Magdalene I and Wagner, Monica and Watanabe, Sakurako and Ainge, James A},
	journal={Hippocampus},
	volume={23},
	number={5},
	pages={352--366},
	year={2013},
	publisher={Wiley Online Library}
}

@article{kiani2007object,
	title={Object category structure in response patterns of neuronal population in monkey inferior temporal cortex},
	author={Kiani, Roozbeh and Esteky, Hossein and Mirpour, Koorosh and Tanaka, Keiji},
	journal={Journal of neurophysiology},
	volume={97},
	number={6},
	pages={4296--4309},
	year={2007},
	publisher={Am Physiological Soc}
}

@article{winters2005transient,
	title={Transient inactivation of perirhinal cortex disrupts encoding, retrieval, and consolidation of object recognition memory},
	author={Winters, Boyer D and Bussey, Timothy J},
	journal={The Journal of neuroscience},
	volume={25},
	number={1},
	pages={52--61},
	year={2005},
	publisher={Soc Neuroscience}
}

@article{davachi2003multiple,
	title={Multiple routes to memory: distinct medial temporal lobe processes build item and source memories},
	author={Davachi, Lila and Mitchell, Jason P and Wagner, Anthony D},
	journal={Proceedings of the National Academy of Sciences},
	volume={100},
	number={4},
	pages={2157--2162},
	year={2003},
	publisher={National Acad Sciences}
}

@article{bird2008hippocampus,
	title={The hippocampus and memory: insights from spatial processing},
	author={Bird, Chris M and Burgess, Neil},
	journal={Nature Reviews Neuroscience},
	volume={9},
	number={3},
	pages={182--194},
	year={2008},
	publisher={Nature Publishing Group}
}

@article{Doeller_King_Burgess_2008, title={Parallel striatal and hippocampal systems for landmarks and boundaries in spatial memory}, volume={105}, number={15}, journal={Proceedings of the National Academy of Sciences}, author={Doeller, C.F. and King, J.A. and Burgess, N.}, year={2008}, pages={5915}}

@article{Burgess_2006, title={Spatial memory: how egocentric and allocentric combine.}, volume={10}, url={http://discovery.ucl.ac.uk/5034/}, number={12}, journal={Trends in Cognitive Sciences}, publisher={ELSEVIER SCIENCE LONDON}, author={Burgess, Neil}, year={2006}, pages={551--557}}

@article{Alyan_Jander_Best_2000, title={Hippocampectomized rats can use a constellation of landmarks to recognize a place}, volume={876}, number={1-2}, journal={Brain research}, author={Alyan, S. H. and Jander, R. and Best, P. J.}, year={2000}, pages={225--237}}
 

@article{Mackintosh_2002, title={Do not ask whether they have a cognitive map, but how they find their way about}, volume={23}, number={1}, journal={PsicolÃ³gica: Revista de metodologÃ­a y psicologÃ­a experimental}, author={Mackintosh, N. J.}, year={2002}, pages={165--185}}
 

@article{Cheng_2008, title={Whither geometry? Troubles of the geometric module}, volume={12}, DOI={10.1016/j.tics.2008.06.004}, number={9}, journal={Trends in Cognitive Sciences}, author={Cheng, Ken}, year={2008}, month={Sep}, pages={355--361}}


@article{Ishikawa_Montello_2006, title={Spatial knowledge acquisition from direct experience in the environment: Individual differences in the development of metric knowledge and the integration of separately learned places}, volume={52}, DOI={10.1016/j.cogpsych.2005.08.003}, abstractNote={Existing frameworks for explaining spatial knowledge acquisition in a new environment propose either stage-like or continuous development. To examine the spatial microgenesis of individuals, a longitudinal study was conducted. Twenty-four college students were individually driven along two routes in a previously unfamiliar neighborhood over 10 weekly sessions. Starting Session 4, they were also driven along a short connecting route. After each session, participants estimated spatial properties of the routes. Some participants' knowledge improved fairly continuously over the sessions, but most participants either manifested accurate metric knowledge from the first session or never manifested accurate metric knowledge. Results are discussed in light of these large individual differences, particularly with respect to the accuracy and development of integrated configurational knowledge.}, number={2}, journal={Cognitive Psychology}, author={Ishikawa, Toru and Montello, Daniel R.}, year={2006}, month={Mar}, pages={93--129}}
 

@inbook{Huhn_Somogyvari_Kiss_Erdi_2009, title={Extraction of distance information from the activity of entorhinal grid cells: a model study}, booktitle={Neural Networks, 2009. IJCNN 2009. International Joint Conference on}, author={Huhn, Z. and SomogyvÃ¡ri, Z. and Kiss, T. and Ã‰rdi, P.}, year={2009}, pages={1298--1303}}
 

@inbook{Fortin_2008, place={Oxford}, title={Navigation and episodic-like memory in mammals}, volume={1}, booktitle={Learning Theory and Behavior}, publisher={Elsevier}, author={Fortin, Norbert}, year={2008}, pages={385--418}}
 

@article{Mittelstaedt_Mittelstaedt_1980, title={Homing by path integration in a mammal}, volume={67}, number={11}, journal={Naturwissenschaften}, author={Mittelstaedt, M.L. and Mittelstaedt, H.}, year={1980}, pages={566--567}}

@article{madlexploring,
	title={Exploring the structure of spatial representations},
	author={Madl, Tamas AND Franklin, Stan AND Chen, Ke AND Trappl, Robert AND Montaldi, Daniela},
	journal={Cognitive Processing},
	year={submitted},
	publisher={Springer}
}

@article{franklin2013conceptual,
	title={Conceptual Commitments of the LIDA Model of Cognition},
	author={Franklin, Stan and Strain, Steve and McCall, Ryan and Baars, Bernard},
	journal={Journal of Artificial General Intelligence},
	volume={4},
	number={2},
	pages={1--22},
	year={2013}
}

@article{franklin2012global,
	title={Global Workspace Theory, its LIDA model and the underlying neuroscience},
	author={Franklin, Stan and Strain, Steve and Snaider, Javier and McCall, Ryan and Faghihi, Usef},
	journal={Biologically Inspired Cognitive Architectures},
	year={2012},
	publisher={Elsevier}
}

@article{samsonovich2012roadmap,
	title={On a roadmap for the BICA Challenge},
	author={Samsonovich, Alexei V},
	journal={Biologically Inspired Cognitive Architectures},
	volume={1},
	pages={100--107},
	year={2012},
	publisher={Elsevier}
}

@article{madl2015computational,
	title={Computational cognitive models of spatial memory in navigation space: A review},
	author={Madl, Tamas and Chen, Ke and Montaldi, Daniela and Trappl, Robert},
	journal={Neural Networks},
	volume={65},
	pages={18--43},
	year={2015},
	publisher={Elsevier}
}


@article{sun2007importance,
  title={The importance of cognitive architectures: An analysis based on CLARION},
  author={Sun, Ron},
  journal={Journal of Experimental \& Theoretical Artificial Intelligence},
  volume={19},
  number={2},
  pages={159--193},
  year={2007},
  publisher={Taylor \& Francis}
}

@article{rumelhart1985feature,
  title={Feature discovery by competitive learning*},
  author={Rumelhart, David E and Zipser, David},
  journal={Cognitive science},
  volume={9},
  number={1},
  pages={75--112},
  year={1985},
  publisher={Wiley Online Library}
}

@article{Etienne1996,
author = {Etienne, A S and Maurer, R and Séguinot, V}, 
title = {Path integration in mammals and its interaction with visual landmarks.}, 
volume = {199}, 
number = {1}, 
pages = {201-9}, 
year = {1996}, 
journal = {Journal of Experimental Biology} 
}

@article{bjorklund2007dopamine,
  title={Dopamine neuron systems in the brain: an update},
  author={Bj{\"o}rklund, Anders and Dunnett, Stephen B},
  journal={Trends in neurosciences},
  volume={30},
  number={5},
  pages={194--202},
  year={2007},
  publisher={Elsevier}
}

@ARTICLE{Woergoetter2008,
AUTHOR = {Woergoetter, F.  and Porr, B. },
TITLE   = {Reinforcement learning},
YEAR	= {2008},
JOURNAL	= {Scholarpedia},
VOLUME  = {3},
NUMBER  = {3},
PAGES   = {1448}
}



@article{song2000competitive,
  title={Competitive Hebbian learning through spike-timing-dependent synaptic plasticity},
  author={Song, Sen and Miller, Kenneth D and Abbott, Larry F},
  journal={Nature neuroscience},
  volume={3},
  number={9},
  pages={919--926},
  year={2000},
  publisher={Nature Publishing Group}
}

@article{maia2009reinforcement,
  title={Reinforcement learning, conditioning, and the brain: Successes and challenges},
  author={Maia, Tiago V},
  journal={Cognitive, Affective, \& Behavioral Neuroscience},
  volume={9},
  number={4},
  pages={343--364},
  year={2009},
  publisher={Springer}
}

@article{o2004reward,
  title={Reward representations and reward-related learning in the human brain: insights from neuroimaging},
  author={O’Doherty, John P},
  journal={Current opinion in neurobiology},
  volume={14},
  number={6},
  pages={769--776},
  year={2004},
  publisher={Elsevier}
}

@article{bhattacharyya2009parietal,
  title={Parietal Reach Region Encodes Reach Depth Using Retinal Disparity and Vergence Angle Signals},
  author={Bhattacharyya, Rajan and Musallam, Sam and Andersen, Richard A},
  journal={J Neurophysiol},
  volume={102},
  pages={805--816},
  year={2009}
}

@article{sereno1998shape,
  title={Shape selectivity in primate lateral intraparietal cortex},
  author={Sereno, AB and Maunsell, JHR},
  journal={Nature},
  volume={395},
  number={6701},
  pages={500--503},
  year={1998},
  publisher={Nature Publishing Group}
}

@article{marzocchi2008reaching,
  title={Reaching activity in parietal area V6A of macaque: eye influence on arm activity or retinocentric coding of reaching movements?},
  author={Marzocchi, Nicoletta and Breveglieri, Rossella and Galletti, Claudio and Fattori, Patrizia},
  journal={European Journal of Neuroscience},
  volume={27},
  number={3},
  pages={775--789},
  year={2008},
  publisher={Wiley Online Library}
}

@article{andersen1985encoding,
  title={Encoding of spatial location by posterior parietal neurons},
  author={Andersen, Richard A and Essick, Greg K and Siegel, Ralph M},
  journal={Science},
  volume={230},
  number={4724},
  pages={456--458},
  year={1985},
  publisher={American Association for the Advancement of Science}
}

@article{duhamel1998ventral,
  title={Ventral intraparietal area of the macaque: congruent visual and somatic response properties},
  author={Duhamel, Jean-Ren{\'e} and Colby, Carol L and Goldberg, Michael E},
  journal={Journal of neurophysiology},
  volume={79},
  pages={126--136},
  year={1998},
  publisher={American Physiological Society}
}


@article{snyder1998separate,
  title={Separate body-and world-referenced representations of visual space in parietal cortex},
  author={Snyder, Lawrence H and Grieve, Kenneth L and Brotchie, Peter and Andersen, Richard A},
  journal={Nature},
  volume={394},
  number={6696},
  pages={887--891},
  year={1998},
  publisher={Nature Publishing Group}
}

@article{pesaran2006dorsal,
  title={Dorsal premotor neurons encode the relative position of the hand, eye, and goal during reach planning},
  author={Pesaran, Bijan and Nelson, Matthew J and Andersen, Richard A},
  journal={Neuron},
  volume={51},
  number={1},
  pages={125--134},
  year={2006},
  publisher={Elsevier}
}

@article{goldberg2006saccades,
  title={Saccades, salience and attention: the role of the lateral intraparietal area in visual behavior},
  author={Goldberg, Michael E and Bisley, James W and Powell, Keith D and Gottlieb, Jacqueline},
  journal={Progress in brain research},
  volume={155},
  pages={157--175},
  year={2006},
  publisher={Elsevier}
}

@article{oreilly1998six,
  title={Six principles for biologically based computational models of cortical cognition},
  author={O'Reilly, Randall C},
  journal={Trends in cognitive sciences},
  volume={2},
  number={11},
  pages={455--462},
  year={1998},
  publisher={Elsevier}
}

@article{eliasmith2012large,
  title={A large-scale model of the functioning brain},
  author={Eliasmith, Chris and Stewart, Terrence C and Choo, Xuan and Bekolay, Trevor and DeWolf, Travis and Tang, Charlie and Rasmussen, Daniel},
  journal={science},
  volume={338},
  number={6111},
  pages={1202--1205},
  year={2012},
  publisher={American Association for the Advancement of Science}
}

@article{anderson1996act,
  title={{ACT}: A simple theory of complex cognition.},
  author={Anderson, John R},
  journal={American Psychologist},
  volume={51},
  number={4},
  pages={355},
  year={1996},
  publisher={American Psychological Association}
}

@article{anderson2008central,
  title={A central circuit of the mind},
  author={Anderson, John R and Fincham, Jon M and Qin, Yulin and Stocco, Andrea},
  journal={Trends in cognitive sciences},
  volume={12},
  number={4},
  pages={136--143},
  year={2008},
  publisher={Elsevier}
}

@article{schultheis2011casimir,
  title={Casimir: an architecture for mental spatial knowledge processing},
  author={Schultheis, Holger and Barkowsky, Thomas},
  journal={Topics in Cognitive Science},
  volume={3},
  number={4},
  pages={778--795},
  year={2011},
  publisher={Wiley Online Library}
}



@article{tversky2005functional,
  title={Functional significance of visuospatial representations},
  author={Tversky, Barbara},
  journal={Handbook of higher-level visuospatial thinking},
  pages={1--34},
  year={2005},
  publisher={Cambridge University Press}
}

@article{Godfrey-Smith2003,
author = {Godfrey-Smith, Peter},
doi = {10.1002/sce.20034},
isbn = {0226300625},
issn = {00141704},
journal = {Science Education},
number = {6},
pages = {236},
publisher = {University of Chicago Press},
title = {{Theory and reality}},
volume = {88},
year = {2003}
}

@article{sun2008introduction,
  title={Introduction to computational cognitive modeling},
  author={Sun, Ron},
  journal={Cambridge handbook of computational psychology},
  publisher = {Cambridge University Press},
  pages={3--19},
  year={2008}
}

@book{sun2008cambridge,
  title={The Cambridge handbook of computational psychology},
  author={Sun, Ron},
  year={2008},
  publisher={Cambridge University Press Cambridge}
}

@article{thomas2008connectionist,
  title={Connectionist models of cognition},
  author={Thomas, Michael SC and McClelland, James L},
  journal={The Cambridge handbook of computational psychology},
  pages={23--58},
  year={2008}
}

@article{bringsjord2008declarative,
  title={Declarative/logic-based computational cognitive modeling},
  author={Bringsjord, Selmer},
  journal={The Handbook of Computational Cognitive Modeling, Cambridge University Press, Cambridge (forthcoming)},
  year={2008},
  publisher={Citeseer}
}

@article{mcclelland2009place,
  title={The place of modeling in cognitive science},
  author={McClelland, James L},
  journal={Topics in Cognitive Science},
  volume={1},
  number={1},
  pages={11--38},
  year={2009},
  publisher={Wiley Online Library}
}

@article{pitt2002toward,
  title={Toward a method of selecting among computational models of cognition.},
  author={Pitt, Mark A and Myung, In Jae and Zhang, Shaobo},
  journal={Psychological Review},
  volume={109},
  number={3},
  pages={472},
  year={2002},
  publisher={American Psychological Association}
}

@article{myung2005model,
  title={Model evaluation, testing and selection},
  author={Myung, In J and Pitt, Mark A and Kim, Woojae},
  journal={Handbook of cognition},
  pages={422--436},
  year={2005}
}

@article{cassimatis2008ability,
  title={Ability, Breadth, and Parsimony in Computational Models of Higher-Order Cognition},
  author={Cassimatis, Nicholas L and Bello, Paul and Langley, Pat},
  journal={Cognitive Science},
  volume={32},
  number={8},
  pages={1304--1322},
  year={2008},
  publisher={Wiley Online Library}
}

@ARTICLE{Penny2007fi,
AUTHOR = {Penny, W. D. and Friston, K. J.},
TITLE   = {Functional imaging},
YEAR	= 2007,
JOURNAL	= Scholarpedia,
VOLUME  = 2,
NUMBER  = 5,
PAGES   = 1478
}

@ARTICLE{Husain2008spn,
AUTHOR = {Husain, M. },
TITLE   = {Hemineglect},
YEAR	= 2008,
JOURNAL	= Scholarpedia,
VOLUME  = 3,
NUMBER  = 2,
PAGES   = 3681
}

@article{zaehle2007neural,
  title={The neural basis of the egocentric and allocentric spatial frame of reference},
  author={Zaehle, Tino and Jordan, Kirsten and W{\"u}stenberg, Torsten and Baudewig, J{\"u}rgen and Dechent, Peter and Mast, Fred W},
  journal={Brain research},
  volume={1137},
  pages={92--103},
  year={2007},
  publisher={Elsevier}
}


@article{kravitz2011new,
  title={A new neural framework for visuospatial processing},
  author={Kravitz, Dwight J and Saleem, Kadharbatcha S and Baker, Chris I and Mishkin, Mortimer},
  journal={Nature Reviews Neuroscience},
  volume={12},
  number={4},
  pages={217--230},
  year={2011},
  publisher={Nature Publishing Group}
}

@article{Hafting2005,
  title={Microstructure of a spatial map in the entorhinal cortex},
  author={Hafting, T. and Fyhn, M. and Molden, S. and Moser, M.B. and Moser, E.I.},
  journal={Nature},
  volume={436},
  number={7052},
  pages={801--806},
  year={2005},
  publisher={Nature Publishing Group}
}

@article{Doeller2010, title={Evidence for grid cells in a human memory network.}, volume={463}, number={7281}, journal={Nature}, publisher={Nature Publishing Group}, author={Doeller, Christian F and Barry, Caswell and Burgess, Neil}, year={2010}, pages={657--661}}

@article{McNaughton2006,
author = {McNaughton, Bruce L and Battaglia, Francesco P and Jensen, Ole and Moser, Edvard I and Moser, May-Britt},
doi = {10.1038/nrn1932},
file = {:E:/Google Drive/PhD/papers/\_general/mcnaughton.battaglia.jensen.moser.moser.2006.path.integration.grid.cells.and.neural.basis.of.cognitive.map (1).pdf:pdf},
issn = {1471-003X},
journal = {Nature Reviews. Neuroscience},
keywords = {Animals,Brain Mapping,Brain Mapping: methods,Cognition,Cognition: physiology,Hippocampus,Hippocampus: physiology,Humans,Nerve Net,Nerve Net: physiology,Neural Pathways,Neural Pathways: physiology},
month = aug,
number = {8},
pages = {663--78},
pmid = {16858394},
title = {{Path integration and the neural basis of the 'cognitive map'.}},
volume = {7},
year = {2006}
}
@article{Jeffery2007b,
author = {Jeffery, Kathryn J},
doi = {10.1016/j.conb.2007.11.008},
file = {:E:/Google Drive/PhD/papers/\_general/Jeffery 2008 Self-localization and the entorhinal--hippocampal system.pdf:pdf},
issn = {0959-4388},
journal = {Current opinion in neurobiology},
keywords = {Animals,Entorhinal Cortex,Entorhinal Cortex: cytology,Entorhinal Cortex: physiology,Hippocastanaceae,Hippocastanaceae: cytology,Hippocastanaceae: physiology,Memory,Memory: physiology,Models, Neurological,Neural Pathways,Neural Pathways: physiology,Neurons,Neurons: physiology,Space Perception,Space Perception: physiology},
month = dec,
number = {6},
pages = {684--91},
pmid = {18249109},
title = {{Self-localization and the entorhinal-hippocampal system.}},
volume = {17},
year = {2007}
}
@article{Burgess_2008,
    author = {Burgess, N.},
    doi = {10.1196/annals.1440.002},
    issn = {0077-8923},
    journal = {Annals of the New York Academy of Sciences},
    keywords = {cognitive, hippocampus, imagery, motor, review, space\_cognition},
    month = mar,
    pages = {77--97},
    pmid = {18400925},
    posted-at = {2008-10-16 15:56:47},
    priority = {2},
    title = {{Spatial cognition and the brain.}},
    volume = {1124},
    year = {2008}
}

@article{Doeller2011a,
author = {Doeller, Christian F and Barry, Caswell and Burgess, Neil},
doi = {10.1177/1073858411422115},
file = {:E:/Google Drive/PhD/papers/\_general/!!! From Cells to Systems \_ Grids and Boundaries in Spatial Memory.pdf:pdf},
issn = {1089-4098},
journal = {The Neuroscientist},
keywords = {and orientation in rodents,entorhinal cortex,fmri,hippocampus,neuronal representations of location,space,virtureality},
month = sep,
number = {September 2011},
pmid = {21959831},
title = {{From Cells to Systems: Grids and Boundaries in Spatial Memory.}},
year = {2011}
}

@article{Fiete2008, title={What grid cells convey about rat location.}, volume={28}, number={27}, journal={Journal of Neuroscience}, author={Fiete, Ila R and Burak, Yoram and Brookings, Ted}, year={2008}, pages={6858--6871}}
@article{Taube2007, title={The head direction signal: origins and sensory-motor integration.}, volume={30}, number={1}, journal={Annual Review of Neuroscience}, publisher={Nature Publishing Group, a division of Macmillan Publishers Limited. All Rights Reserved.}, author={Taube, Jeffrey S}, year={2007}, pages={181--207}}
@article{Baumann2010, title={Medial parietal cortex encodes perceived heading direction in humans.}, volume={30}, number={39}, journal={Journal of Neuroscience}, author={Baumann, Oliver and Mattingley, Jason B}, year={2010}, pages={12897--12901}}
@article{Lever2009, title={Boundary Vector Cells in the Subiculum of the Hippocampal Formation}, volume={29}, number={31}, journal={Journal of Neuroscience}, publisher={SOC NEUROSCIENCE}, author={Lever, C and Burton, S and Jeewajee, A and O Keefe, J and Burgess, N}, year={2009}, pages={9771--7}}

@article{Solstad2008,
author = {Solstad, Trygve and Boccara, Charlotte N and Kropff, Emilio and Moser, May-Britt and Moser, Edvard I},
doi = {10.1126/science.1166466},
file = {:E:/Google Drive/PhD/papers/Border cells, BVCs/Representation of Geometric Borders in the Entorhinal Cortex.pdf:pdf},
issn = {1095-9203},
journal = {Science},
keywords = {Animals,Brain Mapping,Cues,Electrophysiology,Entorhinal Cortex,Entorhinal Cortex: cytology,Entorhinal Cortex: physiology,Male,Neurons,Neurons: physiology,Orientation,Rats,Rats, Long-Evans,Space Perception},
month = dec,
number = {5909},
pages = {1865--8},
pmid = {19095945},
title = {{Representation of geometric borders in the entorhinal cortex.}},
volume = {322},
year = {2008}
}

@article{Barry2006,
author = {Barry, Caswell and Lever, Colin and Hayman, Robin and Hartley, Tom and Burton, Stephen and O'Keefe, John and Jeffery, Kate and Burgess, Neil},
file = {:E:/Google Drive/PhD/papers/\_general/Barry\_et\_al\_2006\_BVC\_model.pdf:pdf},
issn = {0334-1763},
journal = {Reviews in the Neurosciences},
keywords = {Action Potentials,Action Potentials: physiology,Animals,Hippocampus,Hippocampus: anatomy \& histology,Hippocampus: physiology,Humans,Learning,Learning: physiology,Memory,Memory: physiology,Models, Neurological,Neural Pathways,Neural Pathways: anatomy \& histology,Neural Pathways: physiology,Neuronal Plasticity,Neuronal Plasticity: physiology,Neurons,Neurons: physiology,Orientation,Orientation: physiology,Rats,Space Perception,Space Perception: physiology},
month = jan,
number = {1-2},
pages = {71--97},
pmid = {16703944},
title = {{The boundary vector cell model of place cell firing and spatial memory.}},
volume = {17},
year = {2006}
}

@article{OKeefe1971,
author = {O'Keefe, J and Dostrovsky, J},
journal = {Brain Research},
number = {1},
pages = {171--175},
pmid = {5124915},
publisher = {Elsevier/North-Holland Biomedical Press},
title = {{The hippocampus as a spatial map. Preliminary evidence from unit activity in the freely-moving rat.}},
volume = {34},
year = {1971}
}

@article{Ekstrom2003,
  added-at = {2008-09-16T23:39:07.000+0200},
  author = {Ekstrom, A. D. and Kahana, M. J. and Caplan, J. B. and Fields, T. A. and Isham, E. A. and Newman, E. L. and Fried, I.},
  description = {CCNLab BibTeX},
  interhash = {ff8e4e10220d3c2263b502d7d787a6ac},
  intrahash = {83a6e118274dbb0be74037cd362c8778},
  journal = {Nature},
  keywords = {hip},
  pages = {184-187},
  timestamp = {2008-09-16T23:39:07.000+0200},
  title = {Cellular networks underlying human spatial navigation},
  volume = 424,
  year = 2003
}

@article{Solstad_Moser_Einevoll_2006, title={From Grid Cells to Place Cells : A Mathematical Model}, volume={1031}, number={12}, journal={Hippocampus}, author={Solstad, Trygve and Moser, Edvard I and Einevoll, Gaute T}, year={2006}, pages={1026--1031}}

@article{Hartley2000,
author = {Hartley, T and Burgess, N and Lever, C and Cacucci, F and O'Keefe, J},
doi = {10.1002/1098-1063(2000)10:4<369::AID-HIPO3>3.0.CO;2-0},
file = {:E:/Google Drive/PhD/papers/\_general/hartley2000 BVC Modeling Place Fields in Terms of the Cortical Inputs to the Hippocampus.pdf:pdf},
issn = {1050-9631},
journal = {Hippocampus},
keywords = {Afferent Pathways,Afferent Pathways: physiology,Animals,Cerebral Cortex,Cerebral Cortex: physiology,Hippocampus,Hippocampus: physiology,Models, Neurological,Space Perception,Space Perception: physiology},
month = jan,
number = {4},
pages = {369--79},
pmid = {10985276},
title = {{Modeling place fields in terms of the cortical inputs to the hippocampus.}},
volume = {10},
year = {2000}
}

@article{sun2009theoretical,
  title={Theoretical status of computational cognitive modeling},
  author={Sun, Ron},
  journal={Cognitive Systems Research},
  volume={10},
  number={2},
  pages={124--140},
  year={2009},
  publisher={Elsevier}
}




@article{webb2001,
  title={Can robots make good models of biological behaviour?},
  author={Webb, Barbara},
  journal={Behavioral and brain sciences},
  volume={24},
  number={06},
  pages={1033--1050},
  year={2001},
  publisher={Cambridge Univ Press}
}

@article{reitter_cognitive_2010,
	title = {A cognitive model of spatial path-planning},
	volume = {16},
	doi = {10.1007/s10588-010-9073-3},
	number = {3},
	journal = {Computational and Mathematical Organization Theory},
	author = {Reitter, David and Lebiere, Christian},
	year = {2010},
	keywords = {cognitive architecture, Cognitive Model, Memory Access, Path Planning, Robot Control, Tree Structure, visual attention, Visual Navigation, {VISUAL} perception},
	pages = {220–245}
},

@article{poucet_spatial_1993,
	title = {Spatial cognitive maps in animals: New hypotheses on their structure and neural mechanisms.},
	volume = {100},
	issn = {0033-{295X}},
	shorttitle = {Spatial cognitive maps in animals},
	doi = {10.1037/0033-295X.100.2.163},
	number = {2},
	journal = {Psychological Review},
	author = {Poucet, Bruno},
	year = {1993},
	pages = {163--182},
	file = {Ovid: Spatial Cognitive Maps in Animals: New Hypotheses on Their Structure and Neural Mechanisms.:C:\Users\Tom\AppData\Roaming\Mozilla\Firefox\Profiles\28kkvu2f.default-1362753429276\zotero\storage\2UMQ877U\ovidweb.html:text/html}
},

@article{heinke_attention_2003,
	title = {Attention, spatial representation, and visual neglect: Simulating emergent attention and spatial memory in the selective attention for identification model ({SAIM).}},
	volume = {110},
	shorttitle = {Attention, spatial representation, and visual neglect},
	number = {1},
	journal = {Psychological Review},
	author = {Heinke, Dietmar and Humphreys, Glyn W.},
	year = {2003},
	keywords = {{2D}},
	pages = {29},
	file = {[PDF] from rutgers.edu:C:\Users\Tom\AppData\Roaming\Mozilla\Firefox\Profiles\28kkvu2f.default-1362753429276\zotero\storage\727N7UX3\Heinke und Humphreys - 2003 - Attention, spatial representation, and visual negl.pdf:application/pdf}
},

@article{samsonovich_path_1997,
	title = {Path integration and cognitive mapping in a continuous attractor neural network model},
	volume = {17},
	number = {15},
	journal = {The Journal of Neuroscience},
	author = {Samsonovich, Alexei and {McNaughton}, Bruce L.},
	year = {1997},
	keywords = {{3D}, {CAN}},
	pages = {5900–5920},
	file = {[HTML] from jneurosci.org:C:\Users\Tom\AppData\Roaming\Mozilla\Firefox\Profiles\28kkvu2f.default-1362753429276\zotero\storage\2UEGIN9E\5900.html:text/html;Snapshot:C:\Users\Tom\AppData\Roaming\Mozilla\Firefox\Profiles\28kkvu2f.default-1362753429276\zotero\storage\XAAQJG4D\5900.html:text/html}
},

@article{konar_reasoning_2005,
	title = {Reasoning and unsupervised learning in a fuzzy cognitive map},
	volume = {170},
	issn = {0020-0255},
	doi = {10.1016/j.ins.2004.03.012},
	abstract = {This paper presents a new model for unsupervised learning and reasoning on a special type of cognitive maps realized with Petri nets. The unsupervised learning process in the present context adapts the weights of the directed arcs from transitions to places in the Petri net. A Hebbian-type learning algorithm with a natural decay in weights is employed to study the dynamic behavior of the algorithm. The algorithm is conditionally stable for a suitable range of the mortality rate. After convergence of the learning algorithm, the network may be used for computing the beliefs of the desired propositions from the supplied beliefs of the axioms (places with no input arcs). Because of the conditional stability of the algorithm, it may be used in complex decision-making and learning such as automated car driving in an accident-prone environment. The paper also presents a new model for knowledge refinement by adaptation of weights in a fuzzy Petri net using a different form of Hebbian learning. This second model converges to stable points in both encoding and recall phases.},
	number = {2–4},
	journal = {Information Sciences},
	author = {Konar, Amit and Chakraborty, Uday K.},
	month = feb,
	year = {2005},
	pages = {419--441},
	file = {ScienceDirect Full Text PDF:C:\Users\Tom\AppData\Roaming\Mozilla\Firefox\Profiles\28kkvu2f.default-1362753429276\zotero\storage\HNI83UTC\Konar und Chakraborty - 2005 - Reasoning and unsupervised learning in a fuzzy cog.pdf:application/pdf;ScienceDirect Snapshot:C:\Users\Tom\AppData\Roaming\Mozilla\Firefox\Profiles\28kkvu2f.default-1362753429276\zotero\storage\8PMQM38K\S0020025504000945.html:text/html}
},

@inproceedings{balakrishnan_spatial_1998,
	title = {Spatial learning and localization in animals: A computational model and behavioral experiments},
	shorttitle = {Spatial learning and localization in animals},
	booktitle = {Proceedings of the Second European Conference on Cognitive Modelling},
	author = {Balakrishnan, Karthik and Bhatt, Rushi and Honavar, Vasant},
	year = {1998},
	pages = {112–119},
	file = {[PDF] from dtic.mil:C:\Users\Tom\AppData\Roaming\Mozilla\Firefox\Profiles\28kkvu2f.default-1362753429276\zotero\storage\RZTDDR6J\Balakrishnan et al. - 1998 - Spatial learning and localization in animals A co.pdf:application/pdf}
},

@inproceedings{fum_climbing_2000,
	title = {Climbing the mazes: A cognitive model of spatial planning},
	shorttitle = {Climbing the mazes},
	booktitle = {Proceedings of the Third International Conference on Cognitive Modeling},
	author = {Fum, D. and Del Missier, F.},
	year = {2000},
	pages = {126–133},
	file = {[PDF] from units.it:C:\Users\Tom\AppData\Roaming\Mozilla\Firefox\Profiles\28kkvu2f.default-1362753429276\zotero\storage\IDMJIAAX\Fum und Del Missier - 2000 - Climbing the mazes A cognitive model of spatial p.pdf:application/pdf}
},

@inproceedings{frank_formal_1998,
	title = {Formal models for cognition—taxonomy of spatial location description and frames of reference},
	booktitle = {Spatial Cognition},
	author = {Frank, Andrew U.},
	year = {1998},
	pages = {293–312},
	file = {Snapshot:C:\Users\Tom\AppData\Roaming\Mozilla\Firefox\Profiles\28kkvu2f.default-1362753429276\zotero\storage\6TMXE2PR\3-540-69342-4_14.pdf:application/pdf}
},

@book{freksa_spatial_1998,
	title = {Spatial cognition: An interdisciplinary approach to representing and processing spatial knowledge},
	volume = {1404},
	shorttitle = {Spatial cognition},
	publisher = {Springer Verlag},
	author = {Freksa, Christian and Habel, Christopher and Wender, Karl F.},
	year = {1998},
	file = {[PDF] von frontiersinai.com:C:\Users\Tom\AppData\Roaming\Mozilla\Firefox\Profiles\28kkvu2f.default-1362753429276\zotero\storage\IKR57842\Freksa et al. - 1998 - Spatial cognition An interdisciplinary approach t.pdf:application/pdf;Snapshot:C:\Users\Tom\AppData\Roaming\Mozilla\Firefox\Profiles\28kkvu2f.default-1362753429276\zotero\storage\4XNETG4V\books.html:text/html}
},

@article{levenick_naps:_1991,
	title = {{NAPS:} a Connectionist Implementation of Cognitive Maps},
	volume = {3},
	issn = {0954-0091},
	shorttitle = {{NAPS}},
	doi = {10.1080/09540099108946580},
	abstract = {Abstract This paper introduces a connectionist model of cognitive map formation and use which performs wayfinding tasks. This model is at a higher level of cognitive function than much connectionist work. Its units are each at the level of an already trained backpropagation pattern recognizer. Although similar in certain respects to Hendler's work, the model described herein offers several additional features: first, it is a connectionist model; secondly it learns relationships via a modified Hebbian learning rule and so does not need to input a database; thirdly, spreading activation is an integral part of the model. The model introduced here also differs from backpropagation models in two important respects. First, it does not require correct training input; rather, it learns from ordinary experience. Secondly, it does not converge to a fixed point or equilibrium state; thus, more sophisticated mechanisms are required to control the network's activity. Fatigue and three types of inhibition combine to cause activity to reliably coalesce in units that represent suitable subgoals, or partial solutions, for presented wayfinding problems in networks built through the use of a Hebbian learning rule.},
	number = {2},
	journal = {Connection Science},
	author = {{LEVENICK}, {JAMES} R.},
	year = {1991},
	pages = {107--126},
	file = {Full Text PDF:C:\Users\Tom\AppData\Roaming\Mozilla\Firefox\Profiles\28kkvu2f.default-1362753429276\zotero\storage\WXW6S42S\LEVENICK - 1991 - NAPS a Connectionist Implementation of Cognitive .pdf:application/pdf;Snapshot:C:\Users\Tom\AppData\Roaming\Mozilla\Firefox\Profiles\28kkvu2f.default-1362753429276\zotero\storage\KSJZZBW2\09540099108946580.html:text/html}
},

@article{forbus_cogsketch:_2011,
	title = {{CogSketch:} Sketch Understanding for Cognitive Science Research and for Education},
	volume = {3},
	copyright = {Copyright © 2011 Cognitive Science Society, Inc.},
	issn = {1756-8765},
	shorttitle = {{CogSketch}},
	doi = {10.1111/j.1756-8765.2011.01149.x},
	abstract = {Sketching is a powerful means of working out and communicating ideas. Sketch understanding involves a combination of visual, spatial, and conceptual knowledge and reasoning, which makes it both challenging to model and potentially illuminating for cognitive science. This paper describes {CogSketch}, an ongoing effort of the {NSF-funded} Spatial Intelligence and Learning Center, which is being developed both as a research instrument for cognitive science and as a platform for sketch-based educational software. We describe the idea of open-domain sketch understanding, the scientific hypotheses underlying {CogSketch}, and provide an overview of the models it employs, illustrated by simulation studies and ongoing experiments in creating sketch-based educational software.},
	language = {en},
	number = {4},
	journal = {Topics in Cognitive Science},
	author = {Forbus, Kenneth and Usher, Jeffrey and Lovett, Andrew and Lockwood, Kate and Wetzel, Jon},
	year = {2011},
	keywords = {Analogy, cognitive simulation, Qualitative reasoning, Sketch understanding, Spatial cognition, Spatial reasoning, Visual reasoning},
	pages = {648–666},
	file = {Full Text PDF:C:\Users\Tom\AppData\Roaming\Mozilla\Firefox\Profiles\28kkvu2f.default-1362753429276\zotero\storage\PUKTV564\Forbus et al. - 2011 - CogSketch Sketch Understanding for Cognitive Scie.pdf:application/pdf;Snapshot:C:\Users\Tom\AppData\Roaming\Mozilla\Firefox\Profiles\28kkvu2f.default-1362753429276\zotero\storage\AWN9Q8AV\abstract.html:text/html}
},

@article{schultheis_casimir:_2011,
	title = {Casimir: An Architecture for Mental Spatial Knowledge Processing},
	volume = {3},
	copyright = {Copyright © 2011 Cognitive Science Society, Inc.},
	issn = {1756-8765},
	shorttitle = {Casimir},
	doi = {10.1111/j.1756-8765.2011.01151.x},
	abstract = {Mental spatial knowledge processing often uses spatio-analogical or quasipictorial representation structures such as spatial mental models or mental images. The cognitive architecture Casimir is designed to provide a framework for computationally modeling human spatial knowledge processing relying on these kinds of representation formats. In this article, we present an overview of Casimir and its components. We briefly describe the long-term memory component and the interaction with external diagrammatic representations. Particular emphasis is placed on Casimir’s working memory and control mechanisms. Regarding working memory, we describe the conceptual foundations and the processing mechanisms employed in mental spatial reasoning. With respect to control, we explain how it is realized as a distributed, emergent facility within Casimir.},
	language = {en},
	number = {4},
	journal = {Topics in Cognitive Science},
	author = {Schultheis, Holger and Barkowsky, Thomas},
	year = {2011},
	keywords = {Casimir, Cognitive architectures, Computational modeling, Mental imagery, Spatial mental models, Spatial reasoning},
	pages = {778–795},
	file = {Full Text PDF:C:\Users\Tom\AppData\Roaming\Mozilla\Firefox\Profiles\28kkvu2f.default-1362753429276\zotero\storage\SK7TWNHI\Schultheis und Barkowsky - 2011 - Casimir An Architecture for Mental Spatial Knowle.pdf:application/pdf;Snapshot:C:\Users\Tom\AppData\Roaming\Mozilla\Firefox\Profiles\28kkvu2f.default-1362753429276\zotero\storage\BV22MKHC\abstract.html:text/html}
},

@article{yeap_how_2011,
	title = {How Albot0 Finds Its Way Home: A Novel Approach to Cognitive Mapping Using Robots},
	volume = {3},
	copyright = {Copyright © 2011 Cognitive Science Society, Inc.},
	issn = {1756-8765},
	shorttitle = {How Albot0 Finds Its Way Home},
	doi = {10.1111/j.1756-8765.2011.01157.x},
	abstract = {Much of what we know about cognitive mapping comes from observing how biological agents behave in their physical environments, and several of these ideas were implemented on robots, imitating such a process. In this paper a novel approach to cognitive mapping is presented whereby robots are treated as a species of their own and their cognitive mapping is being investigated. Such robots are referred to as Albots. The design of the first Albot, Albot0, is presented. Albot0 computes an imprecise map and employs a novel method to find its way home. Both the map and the return-home algorithm exhibited characteristics commonly found in biological agents. What we have learned from Albot0’s cognitive mapping are discussed. One major lesson is that the spatiality in a cognitive map affords us rich and useful information and this argues against recent suggestions that the notion of a cognitive map is not a useful one.},
	language = {en},
	number = {4},
	journal = {Topics in Cognitive Science},
	author = {Yeap, Wai K.},
	year = {2011},
	keywords = {Cognitive mapping, Inexact map, Robotics, Spatial cognition},
	pages = {707–721},
	file = {Full Text PDF:C:\Users\Tom\AppData\Roaming\Mozilla\Firefox\Profiles\28kkvu2f.default-1362753429276\zotero\storage\4EG8WE9V\Yeap - 2011 - How Albot0 Finds Its Way Home A Novel Approach to.pdf:application/pdf;Snapshot:C:\Users\Tom\AppData\Roaming\Mozilla\Firefox\Profiles\28kkvu2f.default-1362753429276\zotero\storage\E2WHIWSQ\full.html:text/html}
},

@article{gunzelmann_representations_2011,
	title = {Representations and Processes of Human Spatial Competence},
	volume = {3},
	copyright = {Copyright © 2011 Cognitive Science Society, Inc.},
	issn = {1756-8765},
	doi = {10.1111/j.1756-8765.2011.01153.x},
	abstract = {This article presents an approach to understanding human spatial competence that focuses on the representations and processes of spatial cognition and how they are integrated with cognition more generally. The foundational theoretical argument for this research is that spatial information processing is central to cognition more generally, in the sense that it is brought to bear ubiquitously to improve the adaptivity and effectiveness of perception, cognitive processing, and motor action. We describe research spanning multiple levels of complexity to understand both the detailed mechanisms of spatial cognition, and how they are utilized in complex, naturalistic tasks. In the process, we discuss the critical role of cognitive architectures in developing a consistent account that spans this breadth, and we note some areas in which the current version of a popular architecture, {ACT-R}, may need to be augmented. Finally, we suggest a framework for understanding the representations and processes of spatial competence and their role in human cognition generally.},
	language = {en},
	number = {4},
	journal = {Topics in Cognitive Science},
	author = {Gunzelmann, Glenn and Lyon, Don R.},
	year = {2011},
	keywords = {cognitive architecture, Computational model, Orientation, Reference frames, Spatial cognition, Spatial visualization},
	pages = {741–759},
	file = {Full Text PDF:C:\Users\Tom\AppData\Roaming\Mozilla\Firefox\Profiles\28kkvu2f.default-1362753429276\zotero\storage\48V9M5IH\Gunzelmann und Lyon - 2011 - Representations and Processes of Human Spatial Com.pdf:application/pdf;Snapshot:C:\Users\Tom\AppData\Roaming\Mozilla\Firefox\Profiles\28kkvu2f.default-1362753429276\zotero\storage\QDV99ZVP\abstract.html:text/html}
},

@article{chandrasekaran_augmenting_2011,
	title = {Augmenting Cognitive Architectures to Support Diagrammatic Imagination},
	volume = {3},
	copyright = {Copyright © 2011 Cognitive Science Society, Inc.},
	issn = {1756-8765},
	doi = {10.1111/j.1756-8765.2011.01156.x},
	abstract = {Diagrams are a form of spatial representation that supports reasoning and problem solving. Even when diagrams are external, not to mention when there are no external representations, problem solving often calls for internal representations, that is, representations in cognition, of diagrammatic elements and internal perceptions on them. General cognitive {architectures—Soar} and {ACT-R}, to name the most prominent—do not have representations and operations to support diagrammatic reasoning. In this article, we examine some requirements for such internal representations and processes in cognitive architectures. We discuss the degree to which {DRS}, our earlier proposal for such an internal representation for diagrams, meets these requirements. In {DRS}, the diagrams are not raw images, but a composition of objects that can be individuated and thus symbolized, while, unlike traditional symbols, the referent of the symbol is an object that retains its perceptual essence, namely, its spatiality. This duality provides a way to resolve what anti-imagists thought was a contradiction in mental imagery: the compositionality of mental images that seemed to be unique to symbol systems, and their support of a perceptual experience of images and some types of perception on them. We briefly review the use of {DRS} to augment Soar and {ACT-R} with a diagrammatic representation component. We identify issues for further research.},
	language = {en},
	number = {4},
	journal = {Topics in Cognitive Science},
	author = {Chandrasekaran, Balakrishnan and Banerjee, Bonny and Kurup, Unmesh and Lele, Omkar},
	year = {2011},
	keywords = {cognitive architecture, Diagram, Diagrammatic reasoning, Diagrammatic representation, Mental imagery, Visual memory},
	pages = {760–777},
	file = {Full Text PDF:C:\Users\Tom\AppData\Roaming\Mozilla\Firefox\Profiles\28kkvu2f.default-1362753429276\zotero\storage\SFKXWBAR\Chandrasekaran et al. - 2011 - Augmenting Cognitive Architectures to Support Diag.pdf:application/pdf;Snapshot:C:\Users\Tom\AppData\Roaming\Mozilla\Firefox\Profiles\28kkvu2f.default-1362753429276\zotero\storage\8IW6DBSZ\abstract.html:text/html}
},

@article{gregory_trafton_embodied_2011,
	title = {Embodied Spatial Cognition},
	volume = {3},
	copyright = {Copyright © 2011 Cognitive Science Society, Inc.},
	issn = {1756-8765},
	doi = {10.1111/j.1756-8765.2011.01158.x},
	abstract = {We present a spatial system called Specialized Egocentrically Coordinated Spaces embedded in an embodied cognitive architecture ({ACT-R} Embodied). We show how the spatial system works by modeling two different developmental findings: gaze-following and Level 1 perspective taking. The gaze-following model is based on an experiment by Corkum and Moore (1998), whereas the Level 1 visual perspective-taking model is based on an experiment by Moll and Tomasello (2006). The models run on an embodied robotic system.},
	language = {en},
	number = {4},
	journal = {Topics in Cognitive Science},
	author = {Gregory Trafton, J. and Harrison, Anthony M.},
	year = {2011},
	keywords = {Cognitive robotics, Gaze-following, Level 1 visual perspective taking, Spatial cognition},
	pages = {686–706},
	file = {Full Text PDF:C:\Users\Tom\AppData\Roaming\Mozilla\Firefox\Profiles\28kkvu2f.default-1362753429276\zotero\storage\DFVD3Z5W\Gregory Trafton und Harrison - 2011 - Embodied Spatial Cognition.pdf:application/pdf;Snapshot:C:\Users\Tom\AppData\Roaming\Mozilla\Firefox\Profiles\28kkvu2f.default-1362753429276\zotero\storage\QQTGZPVD\abstract.html:text/html}
},

@article{lathrop_exploring_2011,
	title = {Exploring the Functional Advantages of Spatial and Visual Cognition From an Architectural Perspective},
	volume = {3},
	copyright = {Copyright © 2010 Cognitive Science Society, Inc.},
	issn = {1756-8765},
	doi = {10.1111/j.1756-8765.2010.01130.x},
	abstract = {We present a general cognitive architecture that tightly integrates symbolic, spatial, and visual representations. A key means to achieving this integration is allowing cognition to move freely between these modes, using mental imagery. The specific components and their integration are motivated by results from psychology, as well as the need for developing a functional and efficient implementation. We discuss functional benefits that result from the combination of multiple content-based representations and the specialized processing units associated with them. Instantiating this theory, we then discuss the architectural components and processes, and illustrate the resulting functional advantages in two spatially and visually rich domains. The theory is then compared to other prominent approaches in the area.},
	language = {en},
	number = {4},
	journal = {Topics in Cognitive Science},
	author = {Lathrop, Scott D. and Wintermute, Samuel and Laird, John E.},
	year = {2011},
	keywords = {cognitive architecture, Mental imagery, Spatial cognition, visual cognition},
	pages = {796–818},
	file = {Full Text PDF:C:\Users\Tom\AppData\Roaming\Mozilla\Firefox\Profiles\28kkvu2f.default-1362753429276\zotero\storage\4S6ZR3VA\Lathrop et al. - 2011 - Exploring the Functional Advantages of Spatial and.pdf:application/pdf;Snapshot:C:\Users\Tom\AppData\Roaming\Mozilla\Firefox\Profiles\28kkvu2f.default-1362753429276\zotero\storage\XXSK6DTD\abstract.html:text/html}
},

@incollection{winkelholz_modeling_2007,
	title = {Modeling human spatial memory within a symbolic architecture of cognition},
	
	
	booktitle = {Spatial Cognition V Reasoning, Action, Interaction},
	publisher = {Springer},
	author = {Winkelholz, Carsten and Schlick, Christopher M.},
	year = {2007},
	pages = {229–248},
	file = {[PDF] from psu.edu:C:\Users\Tom\AppData\Roaming\Mozilla\Firefox\Profiles\28kkvu2f.default-1362753429276\zotero\storage\VU994JQH\Winkelholz und Schlick - 2007 - Modeling human spatial memory within a symbolic ar.pdf:application/pdf;Snapshot:C:\Users\Tom\AppData\Roaming\Mozilla\Firefox\Profiles\28kkvu2f.default-1362753429276\zotero\storage\S995WBH9\978-3-540-75666-8_14.html:text/html}
},

@article{barrera_biologically-inspired_2008,
	title = {Biologically-inspired robot spatial cognition based on rat neurophysiological studies},
	volume = {25},
	
	number = {1-2},
	
	journal = {Autonomous Robots},
	author = {Barrera, Alejandra and Weitzenfeld, Alfredo},
	year = {2008},
	pages = {147–169},
	file = {Snapshot:C:\Users\Tom\AppData\Roaming\Mozilla\Firefox\Profiles\28kkvu2f.default-1362753429276\zotero\storage\HDAPSVI3\s10514-007-9074-3.html:text/html}
},

@inproceedings{barrera_bio-inspired_2007,
	title = {Bio-inspired model of robot spatial cognition: topological place recognition and target learning},
	shorttitle = {Bio-inspired model of robot spatial cognition},
	
	
	booktitle = {Computational Intelligence in Robotics and Automation, 2007. {CIRA} 2007. International Symposium on},
	author = {Barrera, Alejandra and Weitzenfeld, Alfredo},
	year = {2007},
	pages = {61–66},
	file = {Snapshot:C:\Users\Tom\AppData\Roaming\Mozilla\Firefox\Profiles\28kkvu2f.default-1362753429276\zotero\storage\I7R2BHR3\cookiedetectresponse.html:text/html}
},

@article{roche_hippocampal_2005,
	title = {Hippocampal contributions to neurocognitive mapping in humans: a new model},
	volume = {15},
	shorttitle = {Hippocampal contributions to neurocognitive mapping in humans},
	
	number = {5},
	
	journal = {Hippocampus},
	author = {Roche, R. A. P. and Mangaoang, M. A. and Commins, S. and {O'Mara}, S. M.},
	year = {2005},
	pages = {622–641},
	file = {[PDF] from researchgate.net:C:\Users\Tom\AppData\Roaming\Mozilla\Firefox\Profiles\28kkvu2f.default-1362753429276\zotero\storage\D4JDXIB4\Roche et al. - 2005 - Hippocampal contributions to neurocognitive mappin.pdf:application/pdf;Snapshot:C:\Users\Tom\AppData\Roaming\Mozilla\Firefox\Profiles\28kkvu2f.default-1362753429276\zotero\storage\3UFSD3MG\abstract.html:text/html}
},

@techreport{maio_layered_1996,
	title = {Layered knowledge architecture for navigation-oriented environment representation},
	
	
	institution = {Citeseer},
	author = {Maio, Dario and Rizzi, Stefano},
	year = {1996},
	file = {[PDF] from psu.edu:C:\Users\Tom\AppData\Roaming\Mozilla\Firefox\Profiles\28kkvu2f.default-1362753429276\zotero\storage\CR4FDGFV\Maio und Rizzi - 1996 - Layered knowledge architecture for navigation-orie.pdf:application/pdf}
},

@incollection{barkowsky_mental_2001,
	title = {Mental processing of geographic knowledge},
	
	
	booktitle = {Spatial Information Theory},
	publisher = {Springer},
	author = {Barkowsky, Thomas},
	year = {2001},
	pages = {371–386},
	file = {[PDF] from aminer.org:C:\Users\Tom\AppData\Roaming\Mozilla\Firefox\Profiles\28kkvu2f.default-1362753429276\zotero\storage\TXVG53K5\Barkowsky - 2001 - Mental processing of geographic knowledge.pdf:application/pdf;Snapshot:C:\Users\Tom\AppData\Roaming\Mozilla\Firefox\Profiles\28kkvu2f.default-1362753429276\zotero\storage\3CRHUMM8\3-540-45424-1_25.html:text/html}
},

@incollection{barkowsky_modeling_2007,
	title = {Modeling Mental Spatial Knowledge Processing},
	
	
	booktitle = {Spatial Processing in Navigation, Imagery and Perception},
	publisher = {Springer},
	author = {Barkowsky, Thomas},
	year = {2007},
	pages = {67–84},
	file = {Snapshot:C:\Users\Tom\AppData\Roaming\Mozilla\Firefox\Profiles\28kkvu2f.default-1362753429276\zotero\storage\9WU3A3H7\978-0-387-71978-8_5.html:text/html}
},

@book{barkowsky_mental_2003,
	title = {Mental representation and processing of geographic knowledge: a computational approach},
	volume = {2541},
	shorttitle = {Mental representation and processing of geographic knowledge},
	
	
	publisher = {Springer},
	author = {Barkowsky, Thomas},
	year = {2003},
	file = {Snapshot:C:\Users\Tom\AppData\Roaming\Mozilla\Firefox\Profiles\28kkvu2f.default-1362753429276\zotero\storage\5QW2S8BF\books.html:text/html}
},

@inproceedings{yeap_computational_2011,
	title = {A computational theory of human perceptual mapping},
	
	
	author = {Yeap, W. K.},
	year = {2011},
	file = {[PDF] von researchgateway.ac.nz:C:\Users\Tom\AppData\Roaming\Mozilla\Firefox\Profiles\28kkvu2f.default-1362753429276\zotero\storage\WU9AZKF3\Yeap - 2011 - A computational theory of human perceptual mapping.pdf:application/pdf;Snapshot:C:\Users\Tom\AppData\Roaming\Mozilla\Firefox\Profiles\28kkvu2f.default-1362753429276\zotero\storage\U8VJ3MR3\3513.html:text/html}
},

@inproceedings{bond_system-level_2006,
	title = {A system-level brain model of spatial working memory},
	
	
	booktitle = {Proceedings of the 28th Annual Conference of the Cognitive Science Society, Vancouver, August},
	author = {Bond, Alan H.},
	year = {2006},
	pages = {1026–1031},
	file = {[PDF] from exso.com:C:\Users\Tom\AppData\Roaming\Mozilla\Firefox\Profiles\28kkvu2f.default-1362753429276\zotero\storage\WC43T9TK\Bond - 2006 - A system-level brain model of spatial working memo.pdf:application/pdf}
},

@article{gunzelmann_representations_2011-1,
	title = {Representations and Processes of Human Spatial Competence},
	volume = {3},
	copyright = {Copyright © 2011 Cognitive Science Society, Inc.},
	issn = {1756-8765},
	
	doi = {10.1111/j.1756-8765.2011.01153.x},
	abstract = {This article presents an approach to understanding human spatial competence that focuses on the representations and processes of spatial cognition and how they are integrated with cognition more generally. The foundational theoretical argument for this research is that spatial information processing is central to cognition more generally, in the sense that it is brought to bear ubiquitously to improve the adaptivity and effectiveness of perception, cognitive processing, and motor action. We describe research spanning multiple levels of complexity to understand both the detailed mechanisms of spatial cognition, and how they are utilized in complex, naturalistic tasks. In the process, we discuss the critical role of cognitive architectures in developing a consistent account that spans this breadth, and we note some areas in which the current version of a popular architecture, {ACT-R}, may need to be augmented. Finally, we suggest a framework for understanding the representations and processes of spatial competence and their role in human cognition generally.},
	language = {en},
	number = {4},
	
	journal = {Topics in Cognitive Science},
	author = {Gunzelmann, Glenn and Lyon, Don R.},
	year = {2011},
	keywords = {cognitive architecture, Computational model, Orientation, Reference frames, Spatial cognition, Spatial visualization},
	pages = {741–759},
	file = {Full Text PDF:C:\Users\Tom\AppData\Roaming\Mozilla\Firefox\Profiles\28kkvu2f.default-1362753429276\zotero\storage\FRTV3QB6\Gunzelmann und Lyon - 2011 - Representations and Processes of Human Spatial Com.pdf:application/pdf;Snapshot:C:\Users\Tom\AppData\Roaming\Mozilla\Firefox\Profiles\28kkvu2f.default-1362753429276\zotero\storage\ZX5H9EII\full.html:text/html}
},

@inproceedings{dimperio_initial_2008,
	title = {An initial evaluation of a cognitive model of {UAV} reconnaissance},
	
	
	booktitle = {Proceedings of the Seventeenth Conference on Behavior Representation in Modeling and Simulation},
	author = {Dimperio, Eric and Gunzelmann, Glenn and Harris, Jack},
	year = {2008},
	pages = {165–173},
	file = {[PDF] von cmu.edu:C:\Users\Tom\AppData\Roaming\Mozilla\Firefox\Profiles\28kkvu2f.default-1362753429276\zotero\storage\NR9DZIZQ\Dimperio et al. - 2008 - An initial evaluation of a cognitive model of UAV .pdf:application/pdf}
},

@inproceedings{huang_neuro-cognitive_2011,
	title = {A neuro-cognitive robot for spatial navigation},
	
	
	booktitle = {Neural Information Processing},
	author = {Huang, Weiwei and Tang, Huajin and Yu, Jiali and Tan, Chin Hiong},
	year = {2011},
	pages = {485–492},
	file = {Snapshot:C:\Users\Tom\AppData\Roaming\Mozilla\Firefox\Profiles\28kkvu2f.default-1362753429276\zotero\storage\8HBAFBCG\978-3-642-24955-6_58.html:text/html}
},

@article{hannes_mental_2012,
	title = {Mental maps and travel behaviour: meanings and models},
	volume = {14},
	shorttitle = {Mental maps and travel behaviour},
	
	number = {2},
	
	journal = {Journal of geographical systems},
	author = {Hannes, Els and Kusumastuti, Diana and Espinosa, Maikel León and Janssens, Davy and Vanhoof, Koen and Wets, Geert},
	year = {2012},
	pages = {143–165},
	file = {Snapshot:C:\Users\Tom\AppData\Roaming\Mozilla\Firefox\Profiles\28kkvu2f.default-1362753429276\zotero\storage\3DR2ZXXJ\s10109-010-0144-2.html:text/html}
},

@article{stylios_fuzzy_1999,
	title = {Fuzzy Cognitive Maps: a model for intelligent supervisory control systems},
	volume = {39},
	issn = {0166-3615},
	shorttitle = {Fuzzy Cognitive Maps},
	
	doi = {10.1016/S0166-3615(98)00139-0},
	abstract = {Fuzzy Cognitive Maps ({FCMs)} is a new approach in modelling the behaviour and operation of complex systems. {FCMs} are proposed to be used in the modelling of control systems and particularly in the modelling of the upper part or supervisor of a hierarchical control system. The description and the formulation of {FCM} are examined, moreover a process control problem is presented and its model and control is investigated using {FCMs.} Then the implementation of {FCM} in the modelling of the supervisor of a control system is discussed and it becomes apparent how efficient {FCMs} are in expressing qualitative information and knowledge about the process structure. Finally, some interesting points for further research are presented and discussed.},
	number = {3},
	
	journal = {Computers in Industry},
	author = {Stylios, Chrysostomos D. and Groumpos, Peter P.},
	month = jul,
	year = {1999},
	keywords = {Fuzzy Cognitive Map, Intelligent systems, Supervisory control},
	pages = {229--238},
	file = {ScienceDirect Full Text PDF:C:\Users\Tom\AppData\Roaming\Mozilla\Firefox\Profiles\28kkvu2f.default-1362753429276\zotero\storage\V8DTFX79\Stylios und Groumpos - 1999 - Fuzzy Cognitive Maps a model for intelligent supe.pdf:application/pdf;ScienceDirect Snapshot:C:\Users\Tom\AppData\Roaming\Mozilla\Firefox\Profiles\28kkvu2f.default-1362753429276\zotero\storage\KPSSW2E8\S0166361598001390.html:text/html}
},

@article{_spatial_????,
	title = {Spatial Cognition: Reasoning, Action, Interaction - Springer},
	shorttitle = {Spatial Cognition},
	
	
	file = {Snapshot:C:\Users\Tom\AppData\Roaming\Mozilla\Firefox\Profiles\28kkvu2f.default-1362753429276\zotero\storage\VXIM8PEQ\fulltext.html:text/html}
},

@article{mcafoose_exploring_2008,
	title = {Exploring {Visual–Spatial} Working Memory: A Critical Review of Concepts and Models},
	volume = {19},
	issn = {1040-7308, 1573-6660},
	shorttitle = {Exploring {Visual–Spatial} Working Memory},
	
	doi = {10.1007/s11065-008-9063-0},
	number = {1},
	
	journal = {Neuropsychology Review},
	author = {{McAfoose}, J. and Baune, B. T.},
	month = sep,
	year = {2008},
	pages = {130--142},
	file = {Exploring visual–spatial working memory: a critical review of concepts and models - ResearchOnline@JCU:C:\Users\Tom\AppData\Roaming\Mozilla\Firefox\Profiles\28kkvu2f.default-1362753429276\zotero\storage\3MKDREPP\11423.html:text/html}
},

@article{samsonovich_simple_2005,
	title = {A simple neural network model of the hippocampus suggesting its pathfinding role in episodic memory retrieval},
	volume = {12},
	issn = {1072-0502},
	
	doi = {10.1101/lm.85205},
	abstract = {The goal of this work is to extend the theoretical understanding of the relationship between hippocampal spatial and memory functions to the level of neurophysiological mechanisms underlying spatial navigation and episodic memory retrieval. The proposed unifying theory describes both phenomena within a unique framework, as based on one and the same pathfinding function of the hippocampus. We propose a mechanism of reconstruction of the context of experience involving a search for a nearly shortest path in the space of remembered contexts. To analyze this concept in detail, we define a simple connectionist model consistent with available rodent and human neurophysiological data. Numerical study of the model begins with the spatial domain as a simple analogy for more complex phenomena. It is demonstrated how a nearly shortest path is quickly found in a familiar environment. We prove numerically that associative learning during sharp waves can account for the necessary properties of hippocampal place cells. Computational study of the model is extended to other cognitive paradigms, with the main focus on episodic memory retrieval. We show that the ability to find a correct path may be vital for successful retrieval. The model robustly exhibits the pathfinding capacity within a wide range of several factors, including its memory load (up to 30,000 abstract contexts), the number of episodes that become associated with potential target contexts, and the level of dynamical noise. We offer several testable critical predictions in both spatial and memory domains to validate the theory. Our results suggest that (1) the pathfinding function of the hippocampus, in addition to its associative and memory indexing functions, may be vital for retrieval of certain episodic memories, and (2) the hippocampal spatial navigation function could be a precursor of its memory function.},
	number = {2},
	
	journal = {Learning \& Memory},
	author = {Samsonovich, Alexei V. and Ascoli, Giorgio A.},
	month = mar,
	year = {2005},
	note = {{PMID:} 15774943
{PMCID:} {PMC1074338}},
	pages = {193--208},
	file = {PubMed Central Full Text PDF:C:\Users\Tom\AppData\Roaming\Mozilla\Firefox\Profiles\28kkvu2f.default-1362753429276\zotero\storage\4BDG2NQB\Samsonovich und Ascoli - 2005 - A simple neural network model of the hippocampus s.pdf:application/pdf}
},

@article{martinet_spatial_2011,
	title = {Spatial Learning and Action Planning in a Prefrontal Cortical Network                     Model},
	volume = {7},
	
	doi = {10.1371/journal.pcbi.1002045},
	abstract = {Author Summary 
 We study spatial cognition, a high-level brain function based upon the ability to 
 elaborate mental representations of the environment supporting goal-oriented 
 navigation. Spatial cognition involves parallel information processing across a 
 distributed network of interrelated brain regions. Depending on the complexity 
 of the spatial navigation task, different neural circuits may be primarily 
 involved, corresponding to different behavioral strategies. Navigation planning, 
 one of the most flexible strategies, is based on the ability to prospectively 
 evaluate alternative sequences of actions in order to infer optimal trajectories 
 to a goal. The hippocampal formation and the prefrontal cortex are two neural 
 substrates likely involved in navigation planning. We adopt a computational 
 modeling approach to show how the interactions between these two brain areas may 
 lead to learning of topological representations suitable to mediate action 
 planning. Our model suggests plausible neural mechanisms subserving the 
 cognitive spatial capabilities attributed to rodents. We provide a functional 
 framework for interpreting the activity of prefrontal and hippocampal neurons 
 recorded during navigation tasks. Akin to integrative neuroscience approaches, 
 we illustrate the link from single unit activity to behavioral responses while 
 solving spatial learning tasks.},
	number = {5},
	
	journal = {{PLoS} Comput Biol},
	author = {Martinet, Louis-Emmanuel and Sheynikhovich, Denis and Benchenane, Karim and Arleo, Angelo},
	month = may,
	year = {2011},
	pages = {e1002045},
	file = {PLoS Full Text PDF:C:\Users\Tom\AppData\Roaming\Mozilla\Firefox\Profiles\28kkvu2f.default-1362753429276\zotero\storage\KFENTNJ4\Martinet et al. - 2011 - Spatial Learning and Action Planning in a Prefront.pdf:application/pdf}
},

@article{kuipers_spatial_2000,
	title = {The spatial semantic hierarchy},
	volume = {119},
	
	number = {1},
	
	journal = {Artificial Intelligence},
	author = {Kuipers, Benjamin},
	year = {2000},
	pages = {191–233},
	file = {Snapshot:C:\Users\Tom\AppData\Roaming\Mozilla\Firefox\Profiles\28kkvu2f.default-1362753429276\zotero\storage\QUCTMHA7\S0004370200000175.html:text/html}
},

@article{beeson_factoring_2010,
	title = {Factoring the mapping problem: Mobile robot map-building in the Hybrid Spatial Semantic Hierarchy},
	volume = {29},
	shorttitle = {Factoring the mapping problem},
	
	number = {4},
	
	journal = {The International Journal of Robotics Research},
	author = {Beeson, Patrick and Modayil, Joseph and Kuipers, Benjamin},
	year = {2010},
	pages = {428–459},
	file = {[PDF] from sagepub.com:C:\Users\Tom\AppData\Roaming\Mozilla\Firefox\Profiles\28kkvu2f.default-1362753429276\zotero\storage\26KPZH9D\Beeson et al. - 2010 - Factoring the mapping problem Mobile robot map-bu.pdf:application/pdf;Snapshot:C:\Users\Tom\AppData\Roaming\Mozilla\Firefox\Profiles\28kkvu2f.default-1362753429276\zotero\storage\N5HTEV8M\428.html:text/html}
},

@inproceedings{kuipers_local_2004,
	title = {Local metrical and global topological maps in the hybrid spatial semantic hierarchy},
	volume = {5},
	
	
	booktitle = {Robotics and Automation, 2004. Proceedings. {ICRA'04.} 2004 {IEEE} International Conference on},
	author = {Kuipers, Benjamin and Modayil, Joseph and Beeson, Patrick and {MacMahon}, Matt and Savelli, Francesco},
	year = {2004},
	pages = {4845–4851},
	file = {Snapshot:C:\Users\Tom\AppData\Roaming\Mozilla\Firefox\Profiles\28kkvu2f.default-1362753429276\zotero\storage\P7ZXVIVK\cookiedetectresponse.html:text/html}
},

@incollection{hafner_robots_2008,
	title = {Robots as Tools for Modelling Navigation {Skills–A} Neural Cognitive Map Approach},
	
	
	booktitle = {Robotics and cognitive approaches to spatial mapping},
	publisher = {Springer},
	author = {Hafner, Verena V.},
	year = {2008},
	pages = {315–324},
	file = {[PDF] von hu-berlin.de:C:\Users\Tom\AppData\Roaming\Mozilla\Firefox\Profiles\28kkvu2f.default-1362753429276\zotero\storage\TN8GBD5W\Hafner - 2008 - Robots as Tools for Modelling Navigation Skills–A .pdf:application/pdf;Snapshot:C:\Users\Tom\AppData\Roaming\Mozilla\Firefox\Profiles\28kkvu2f.default-1362753429276\zotero\storage\FBDURBZJ\978-3-540-75388-9_19.html:text/html}
},

@inproceedings{jefferies_building_2001,
	title = {Building a map for robot navigation using a theory of cognitive maps},
	
	
	booktitle = {Proceedings of the {IASTED} International Conference on Artificial Intelligence and Application},
	author = {Jefferies, M. E. and Yeap, W. K. and Smith, L. and Ferguson, D.},
	year = {2001},
	pages = {348–353},
	file = {[PDF] from spogel.com:C:\Users\Tom\AppData\Roaming\Mozilla\Firefox\Profiles\28kkvu2f.default-1362753429276\zotero\storage\CND6C27N\Jefferies et al. - 2001 - Building a map for robot navigation using a theory.pdf:application/pdf}
},

@article{yeap_computing_1999,
	title = {Computing a representation of the local environment},
	volume = {107},
	
	number = {2},
	
	journal = {Artificial Intelligence},
	author = {Yeap, Wai K. and Jefferies, Margaret E.},
	year = {1999},
	pages = {265–301},
	file = {[PDF] from aminer.org:C:\Users\Tom\AppData\Roaming\Mozilla\Firefox\Profiles\28kkvu2f.default-1362753429276\zotero\storage\VFD99439\Yeap und Jefferies - 1999 - Computing a representation of the local environmen.pdf:application/pdf;Snapshot:C:\Users\Tom\AppData\Roaming\Mozilla\Firefox\Profiles\28kkvu2f.default-1362753429276\zotero\storage\CTMPIH5H\S0004370298001118.html:text/html}
},

@article{chown_prototypes_1995,
	title = {Prototypes, location, and associative networks ({PLAN):} Towards a unified theory of cognitive mapping},
	volume = {19},
	shorttitle = {Prototypes, location, and associative networks ({PLAN)}},
	
	number = {1},
	
	journal = {Cognitive Science},
	author = {Chown, Eric and Kaplan, Stephen and Kortenkamp, David},
	year = {1995},
	pages = {1–51}
},
 
@article{hartley2003,
	title = {The well-worn route and the path less traveled: distinct neural bases of route following and wayfinding in humans},
	volume = {37},
	number = {5},
	journal = {Neuron},
	author = {Hartley, T and Maguire, E A and Spiers, H J and Burgess, N},
	year = {2003},
	pages = {877-888}
},

@incollection{chown_learning_2008,
	title = {Learning Cognitive Maps: Finding Useful Structure in an Uncertain World},
	shorttitle = {Learning Cognitive Maps},
	
	
	booktitle = {Robotics and Cognitive Approaches to Spatial Mapping},
	publisher = {Springer},
	author = {Chown, Eric and Boots, Byron},
	year = {2008},
	pages = {215–236},
}

@article{epstein2008,
author = {Epstein, Russell a},
doi = {10.1016/j.tics.2008.07.004},
issn = {1364-6613},
journal = {Trends in cognitive sciences},
keywords = {Animals,Brain Mapping,Cerebral Cortex,Cerebral Cortex: physiology,Humans,Parahippocampal Gyrus,Parahippocampal Gyrus: physiology,Recognition (Psychology),Space Perception,Space Perception: physiology,Spatial Behavior,Spatial Behavior: physiology,Visual Pathways,Visual Pathways: physiology},
month = oct,
number = {10},
pages = {388--96},
pmid = {18760955},
title = {{Parahippocampal and retrosplenial contributions to human spatial navigation.}},
volume = {12},
year = {2008}
}


@article{Moser2008,
author = {Moser, Edvard I and Kropff, Emilio and Moser, May-Britt},
doi = {10.1146/annurev.neuro.31.061307.090723},
issn = {0147-006X},
journal = {Annual review of neuroscience},
keywords = {Action Potentials,Action Potentials: physiology,Animals,Entorhinal Cortex,Entorhinal Cortex: cytology,Entorhinal Cortex: physiology,Hippocampus,Hippocampus: cytology,Hippocampus: physiology,Humans,Memory,Memory: physiology,Nerve Net,Nerve Net: cytology,Nerve Net: physiology,Neural Pathways,Neural Pathways: cytology,Neural Pathways: physiology,Neurons,Neurons: physiology,Orientation,Orientation: physiology,Space Perception,Space Perception: physiology},
month = jan,
pages = {69--89},
pmid = {18284371},
title = {{Place cells, grid cells, and the brain's spatial representation system.}},

volume = {31},
year = {2008}
}

@article{Burgess2008,
author = {Burgess, N},
doi = {10.1196/annals.1440.002},
issn = {0077-8923},
journal = {Annals of the New York Academy of Sciences},
keywords = { hippocampus, imagery, motor, review, space\_cognition,cognitive},
pages = {77--97},
pmid = {18400925},
title = {{Spatial cognition and the brain.}},

volume = {1124},
year = {2008}
}

@article{Merriam2003,
  title={Spatial updating in human parietal cortex},
  author={Merriam, Elisha P and Genovese, Christopher R and Colby, Carol L},
  journal={Neuron},
  volume={39},
  number={2},
  pages={361--373},
  year={2003},
  publisher={Elsevier}
}

@article{Morland2001,
  title={Abnormal retinotopic representations in human visual cortex revealed by fMRI},
  author={Morland, Antony B and Baseler, Heidi A and Hoffmann, Michael B and Sharpe, Lindsay T and Wandell, Brian A},
  journal={Acta Psychologica},
  volume={107},
  number={1},
  pages={229--247},
  year={2001},
  publisher={Elsevier}
}

@article{Bremmer2010,
  title={Visual selectivity for heading in monkey area MST},
  author={Bremmer, Frank and Kubischik, Michael and Pekel, Martin and Hoffmann, Klaus-Peter and Lappe, Markus},
  journal={Experimental brain research},
  volume={200},
  number={1},
  pages={51--60},
  year={2010},
  publisher={Springer}
}

@article{Born2005,
  title={Structure and function of visual area MT},
  author={Born, Richard T and Bradley, David C},
  journal={Annu. Rev. Neurosci.},
  volume={28},
  pages={157--189},
  year={2005},
  publisher={Annual Reviews}
}

@article{Vogeley2004,
  title={Neural correlates of first-person perspective as one constituent of human self-consciousness},
  author={Vogeley, Kai and May, M and Ritzl, A and Falkai, P and Zilles, K and Fink, Gereon R},
  journal={Journal of cognitive neuroscience},
  volume={16},
  number={5},
  pages={817--827},
  year={2004},
  publisher={MIT Press}
}

@phdthesis{plank2009behavioral, title={Behavioral, Electrocortical and Neuroanatomical Correlates of Egocentric and Allocentric Reference Frames during Visual Path Integration}, author={Plank, Markus}, year={2009}, school={Ludwig-Maximilans-Universität München} }

@article{vann2009does,
  title={What does the retrosplenial cortex do?},
  author={Vann, Seralynne D and Aggleton, John P and Maguire, Eleanor A},
  journal={Nature Reviews Neuroscience},
  volume={10},
  number={11},
  pages={792--802},
  year={2009},
  publisher={Nature Publishing Group}
}

@article{byrne2007remembering,
  title={Remembering the past and imagining the future: a neural model of spatial memory and imagery.},
  author={Byrne, Patrick and Becker, Suzanna and Burgess, Neil},
  journal={Psychological review},
  volume={114},
  number={2},
  pages={340},
  year={2007},
  publisher={American Psychological Association}
}

@article{crowe2008neural,
  title={Neural ensemble decoding reveals a correlate of viewer-to object-centered spatial transformation in monkey parietal cortex},
  author={Crowe, David A and Averbeck, Bruno B and Chafee, Matthew V},
  journal={The Journal of Neuroscience},
  volume={28},
  number={20},
  pages={5218--5228},
  year={2008},
  publisher={Soc Neuroscience}
}

@article{franklin2013lida, 
author={Franklin, S. and Madl, T. and D'Mello, S. and Snaider, J.}, 
journal={Autonomous Mental Development, IEEE Transactions on}, 
title={LIDA: A Systems-level Architecture for Cognition, Emotion, and Learning}, 
year={2014}, 
volume={6}, 
number={1}, 
pages={19-41}, 
keywords={Brain modeling;Cognition;Cognitive science;Computational modeling;Computer architecture;Neuroscience;Psychology;Action selection;Action-perception cycle;Affordance;Agent architecture;Attention;Autonomous agent;Cognitive architecture;Cognitive cycle;Cognitive model;Computational model;Emotions;Episodic learning;LIDA;Neural correlates;Perceptual learning;Procedural learning},
doi={10.1109/TAMD.2013.2277589}, 
ISSN={1943-0604},}


@article{smolensky1987connectionist,
  title={Connectionist AI, symbolic AI, and the brain},
  author={Smolensky, Paul},
  journal={Artificial Intelligence Review},
  volume={1},
  number={2},
  pages={95--109},
  year={1987},
  publisher={Springer}
}


@article{tolman1948cognitive,
  title={Cognitive maps in rats and men.},
  author={Tolman, Edward C},
  journal={Psychological review},
  volume={55},
  number={4},
  pages={189},
  year={1948},
  publisher={American Psychological Association}
}


@article{newell1976computer,
  title={Computer science as empirical inquiry: Symbols and search},
  author={Newell, Allen and Simon, Herbert A},
  journal={Communications of the ACM},
  volume={19},
  number={3},
  pages={113--126},
  year={1976},
  publisher={ACM}
}

@incollection{kuipers1993semantic,
  title={The semantic hierarchy in robot learning},
  author={Kuipers, Benjamin and Froom, Richard and Lee, Wan-Yik and Pierce, David},
  booktitle={Robot learning},
  pages={141--170},
  year={1993},
  publisher={Springer}
}

@book{Jefferies_Yeap_2008, title={Robotics and cognitive approaches to spatial mapping}, volume={38}, publisher={Springer Verlag}, author={Jefferies, M.E. and Yeap, W.K.}, year={2008}}

@article{Jefferies_Baker_Weng_2008, title={Robot cognitive mapping - A role for a global metric map in a cognitive mapping process}, journal={Robotics and cognitive approaches to spatial mapping}, author={Jefferies, M. and Baker, J. and Weng, W.}, year={2008}, pages={265--279}}

@article{Derdikman_Whitlock_Tsao_Fyhn_Hafting_Moser_Moser_2009, title={Fragmentation of grid cell maps in a multicompartment environment}, volume={12}, number={10}, journal={Nature neuroscience}, author={Derdikman, D. and Whitlock, J.R. and Tsao, A. and Fyhn, M. and Hafting, T. and Moser, M.B. and Moser, E.I.}, year={2009}, pages={1325--1332}}

@article{derdikman2010manifold,
  title={A manifold of spatial maps in the brain},
  author={Derdikman, Dori and Moser, Edvard I},
  journal={Trends in cognitive sciences},
  volume={14},
  number={12},
  pages={561--569},
  year={2010},
  publisher={Elsevier}
}


@article{poucet1993spatial,
  title={Spatial cognitive maps in animals: new hypotheses on their structure and neural mechanisms.},
  author={Poucet, Bruno},
  journal={Psychological review},
  volume={100},
  number={2},
  pages={163},
  year={1993},
  publisher={American Psychological Association}
}

@article{Brom2012,
author = {Brom, Cyril and Vyhn\'{a}nek, Jan and Lukavsk\'{y}, Ji?\'{\i} and Waller, David and Kadlec, Rudolf},
doi = {10.1016/j.cogsys.2011.09.001},
issn = {13890417},
journal = {Cognitive Systems Research},
keywords = {disorientation effect,intelligent virtual agent,paradigm of pointing,spatial cognition},
month = jul,
pages = {1--24},
title = {{A computational model of the allocentric and egocentric spatial memory by means of virtual agents, or how simple virtual agents can help to build complex computational models}},
volume = {17-18},
year = {2012}
}

@article{Hirtle_Jonides_1985, title={Evidence of hierarchies in cognitive maps}, volume={13}, number={3}, journal={Memory \& Cognition}, author={Hirtle, S.C. and Jonides, J.}, year={1985}, pages={208--217}}

@book{Kohonen1977,
  added-at = {2008-03-11T14:52:34.000+0100},
  address = {Berlin; New York},
  author = {Kohonen, Teuvo},
  bib
  citeulike-article-id = {2377540},
  interhash = {3efc57a2368c11acb4af35a7cd0213eb},
  intrahash = {2310879196f0a398966250b228c77bfc},
  keywords = {nn},
  priority = {2},
  publisher = {Springer},
  timestamp = {2008-03-11T14:52:34.000+0100},
  title = {Associative Memory: {A} System-Theoretical Approach},
  year = 1977
}


@incollection{gallistel2008dead,
  title={Dead reckoning, cognitive maps, animal navigation and the representation of space: An introduction},
  author={Gallistel, Charles R},
  booktitle={Robotics and Cognitive Approaches to Spatial Mapping},
  pages={137--143},
  year={2008},
  publisher={Springer}
}

@article{Knill2004,
author = {Knill, David C and Pouget, Alexandre},
doi = {10.1016/j.tins.2004.10.007},
file = {:E:/Google Drive/PhD/papers/neuronal state estimation/! Knill \& Pouget 2004 The Bayesian brain\_ the role of uncertainty in neural coding and computation.pdf:pdf},
issn = {0166-2236},
journal = {Trends in Neurosciences},
keywords = {Animals,Bayes Theorem,Brain,Brain: physiology,Humans,Models, Biological,Nerve Net,Neurons,Neurons: metabolism,Perception},
month = dec,
number = {12},
pages = {712--9},
pmid = {15541511},
title = {{The Bayesian brain: the role of uncertainty in neural coding and computation.}},

volume = {27},
year = {2004}
}

@article{Cheng2007,
author = {Cheng, Ken and Shettleworth, Sara J and Huttenlocher, Janellen and Rieser, John J},
doi = {10.1037/0033-2909.133.4.625},
issn = {0033-2909},
journal = {Psychological Bulletin},
keywords = {Animals,Ants,Bayes Theorem,Bees,Behavior, Animal,Behavior, Animal: physiology,Columbidae,Cricetinae,Cues,Humans,Rats,Space Perception,Space Perception: physiology,Spatial Behavior,Spatial Behavior: physiology},
month = jul,
number = {4},
pages = {625--37},
pmid = {17592958},
title = {{Bayesian integration of spatial information.}},

volume = {133},
year = {2007}
}

@article{Cheung2012,
  title={Maintaining a cognitive map in darkness: the need to fuse boundary knowledge with path integration},
  author={Cheung, Allen and Ball, David and Milford, Michael and Wyeth, Gordon and Wiles, Janet},
  journal={PLoS Computational Biology},
  volume={8},
  number={8},
  pages={e1002651},
  year={2012},
  publisher={Public Library of Science}
}

@inproceedings{Fox2010,
  author = {Fox, Charles W. and Prescott, Tony J.},
  booktitle = {IJCNN},
  ee = {http://dx.doi.org/10.1109/IJCNN.2010.5596681},
  isbn = {978-1-4244-6916-1},
  keywords = {dblp},
  pages = {1-8},
  publisher = {IEEE Press},
  title = {Hippocampus as unitary coherent particle filter.},
  year = {2010}
}

@article{Madl2014,
    author = {Madl, Tamas AND Franklin, Stan AND Chen, Ke AND Montaldi, Daniela AND Trappl, Robert},
    journal = {PLoS ONE},
    publisher = {Public Library of Science},
    title = {Bayesian Integration of Information in Hippocampal Place Cells},
    year = {2014},
    month = {03},
    pages = {e89762},
    number = {3},
    doi = {10.1371/journal.pone.0089762}
}

@article{Nardini2008,
author = {Nardini, Marko and Jones, Peter and Bedford, Rachael and Braddick, Oliver},
doi = {10.1016/j.cub.2008.04.021},
file = {:E:/Google Drive/PhD/papers/neuronal state estimation/!!!!!D (bayesian loc., behavior data) 2008 Development of Cue Integration in Human Navigation.pdf:pdf},
issn = {0960-9822},
journal = {Current Biology},
keywords = {Adult,Child,Child Development,Child Development: physiology,Child, Preschool,Cues,Female,Humans,Locomotion,Locomotion: physiology,Male,Models, Biological,Orientation,Orientation: physiology,Proprioception,Proprioception: physiology,Space Perception,Space Perception: physiology,Vestibule, Labyrinth,Vestibule, Labyrinth: physiology},
month = may,
number = {9},
pages = {689--93},
pmid = {18450447},
title = {{Development of cue integration in human navigation.}},

volume = {18},
year = {2008}
}


@inproceedings{egerton2000mammals,
  title={From mammals to machines: Towards a biologically inspired mapping model for autonomous mobile robots},
  author={Egerton, S and Callaghan, Vic},
  booktitle={Procceding of the 6th International Conference on Intelligent Autonomous Systems (IAS-6)},
  year={2000}
}


@article{egerton2000biologically,
  title={A biologically inspired mapping model for autonomous mobile robots},
  author={Egerton, Simon J and Callaghan, Vic and Chernett, Paul},
  journal={New frontiers in computational intelligence and its applications},
  pages={293--302},
  year={2000}
}

@article{durrant2006simultaneous,
  title={Simultaneous localization and mapping: part I},
  author={Durrant-Whyte, Hugh and Bailey, Tim},
  journal={Robotics \& Automation Magazine, IEEE},
  volume={13},
  number={2},
  pages={99--110},
  year={2006},
  publisher={IEEE}
}

@article{bailey2006simultaneous,
  title={Simultaneous localization and mapping (SLAM): Part II},
  author={Bailey, Tim and Durrant-Whyte, Hugh},
  journal={IEEE Robotics \& Automation Magazine},
  volume={13},
  number={3},
  pages={108--117},
  year={2006}
}

@article{thrun2008simultaneous,
  title={Simultaneous localization and mapping},
  author={Thrun, Sebastian and Leonard, John J},
  journal={Springer handbook of robotics},
  pages={871--889},
  year={2008},
  publisher={Springer}
}

@article{webb2000does,
  title={What does robotics offer animal behaviour?},
  author={Webb, Barbara},
  journal={Animal behaviour},
  volume={60},
  number={5},
  pages={545--558},
  year={2000},
  publisher={Elsevier}
}

@article{kim2011neural,
  title={Neural correlates of object-in-place learning in hippocampus and prefrontal cortex},
  author={Kim, Jangjin and Delcasso, S{\'e}bastien and Lee, Inah},
  journal={The Journal of Neuroscience},
  volume={31},
  number={47},
  pages={16991--17006},
  year={2011},
  publisher={Soc Neuroscience}
}


@article{vann2011hippocampus,
  title={Hippocampus and neocortex: recognition and spatial memory},
  author={Vann, Seralynne D and Albasser, Mathieu M},
  journal={Current opinion in neurobiology},
  volume={21},
  number={3},
  pages={440--445},
  year={2011},
  publisher={Elsevier}
}


@article{manns2009cognitive,
  title={A cognitive map for object memory in the hippocampus},
  author={Manns, Joseph R and Eichenbaum, Howard},
  journal={Learning \& Memory},
  volume={16},
  number={10},
  pages={616--624},
  year={2009},
  publisher={Cold Spring Harbor Lab}
}

@article{brown2001recognition,
  title={Recognition memory: what are the roles of the perirhinal cortex and hippocampus?},
  author={Brown, Malcolm W and Aggleton, John P},
  journal={Nature Reviews Neuroscience},
  volume={2},
  number={1},
  pages={51--61},
  year={2001},
  publisher={Nature Publishing Group}
}


@article{yonelinas2005separating,
  title={Separating the brain regions involved in recollection and familiarity in recognition memory},
  author={Yonelinas, Andrew P and Otten, Leun J and Shaw, Kendra N and Rugg, Michael D},
  journal={The Journal of Neuroscience},
  volume={25},
  number={11},
  pages={3002--3008},
  year={2005},
  publisher={Soc Neuroscience}
}


@article{jeffery2007integration,
  title={Integration of the sensory inputs to place cells: what, where, why, and how?},
  author={Jeffery, Kathryn J},
  journal={Hippocampus},
  volume={17},
  number={9},
  pages={775--785},
  year={2007},
  publisher={Wiley Online Library}
}


@article{rolls2006spatial,
  title={Spatial view cells in the primate hippocampus and memory recall},
  author={Rolls, Edmund T and Xiang, J-Z},
  journal={Reviews in the Neurosciences},
  volume={17},
  number={1-2},
  pages={175--200},
  year={2006}
}

@article{hok2005coding,
  title={Coding for spatial goals in the prelimbic/infralimbic area of the rat frontal cortex},
  author={Hok, V and Save, E and Lenck-Santini, PP and Poucet, B},
  journal={Proceedings of the National Academy of Sciences of the United States of America},
  volume={102},
  number={12},
  pages={4602--4607},
  year={2005},
  publisher={National Acad Sciences}
}

@article{yeap1988towards,
  title={Towards a computational theory of cognitive maps},
  author={Yeap, Wai K},
  journal={Artificial Intelligence},
  volume={34},
  number={3},
  pages={297--360},
  year={1988},
  publisher={Elsevier}
}

@incollection{yeap2008using,
  title={Using a mobile robot to test a theory of cognitive mapping},
  author={Yeap, Wai K and Wong, Chee K and Schmidt, Jochen},
  booktitle={Robotics and cognitive approaches to spatial mapping},
  pages={281--295},
  year={2008},
  publisher={Springer}
}


@article{dabaghian2011topological,
  title={Topological coding in hippocampus},
  author={Dabaghian, Yuri and Cohn, Anthony G and Frank, Loren},
  journal={Computational modeling and simulation of intellect: Current state and future prospectives},
  pages={293--320},
  year={2011},
  publisher={IGI Global Hershey, PA}
}

@article{chen2012uncovering,
  title={Uncovering spatial topology represented by rat hippocampal population neuronal codes},
  author={Chen, Zhe and Kloosterman, Fabian and Brown, Emery N and Wilson, Matthew A},
  journal={Journal of computational neuroscience},
  volume={33},
  number={2},
  pages={227--255},
  year={2012},
  publisher={Springer}
}


@article{morgan2011distances,
  title={Distances between real-world locations are represented in the human hippocampus},
  author={Morgan, Lindsay K and MacEvoy, Sean P and Aguirre, Geoffrey K and Epstein, Russell A},
  journal={The Journal of Neuroscience},
  volume={31},
  number={4},
  pages={1238--1245},
  year={2011},
  publisher={Soc Neuroscience}
}


@article{pavlidis1974segmentation,
  title={Segmentation of plane curves},
  author={Pavlidis, Theodosios and Horowitz, Steven L},
  journal={IEEE transactions on Computers},
  volume={23},
  number={8},
  pages={860--870},
  year={1974},
  publisher={IEEE Computer Society}
}

@inproceedings{wong2007using,
  title={Using a Mobile Robot for Cognitive Mapping.},
  author={Wong, Chee K and Schmidt, Jochen and Yeap, Wai K},
  booktitle={IJCAI},
  pages={2243--2249},
  year={2007}
}

@incollection{franz2008robot,
  title={A Robot System for Biomimetic Navigation--From Snapshots to Metric Embeddings of View Graphs},
  author={Franz, Matthias O and St{\"u}rzl, Wolfgang and H{\"u}bner, Wolfgang and Mallot, Hanspeter A},
  booktitle={Robotics and cognitive approaches to spatial mapping},
  pages={297--314},
  year={2008},
  publisher={Springer}
}


@article{franz2000biomimetic,
  title={Biomimetic robot navigation},
  author={Franz, Matthias O and Mallot, Hanspeter A},
  journal={Robotics and autonomous Systems},
  volume={30},
  number={1},
  pages={133--153},
  year={2000},
  publisher={Elsevier}
}

@inproceedings{booij2007navigation,
  title={Navigation using an appearance based topological map},
  author={Booij, Olaf and Terwijn, Bas and Zivkovic, Zoran and Krose, B},
  booktitle={Robotics and Automation, 2007 IEEE International Conference on},
  pages={3927--3932},
  year={2007},
  organization={IEEE}
}


@article{graham2002view,
  title={View-based navigation in insects: how wood ants (Formica rufa L.) look at and are guided by extended landmarks},
  author={Graham, Paul and Collett, Thomas S},
  journal={Journal of experimental Biology},
  volume={205},
  number={16},
  pages={2499--2509},
  year={2002},
  publisher={The Company of Biologists Ltd}
}


@article{beeson2010factoring,
  title={Factoring the mapping problem: Mobile robot map-building in the Hybrid Spatial Semantic Hierarchy},
  author={Beeson, Patrick and Modayil, Joseph and Kuipers, Benjamin},
  journal={The International Journal of Robotics Research},
  volume={29},
  number={4},
  pages={428--459},
  year={2010},
  publisher={SAGE Publications}
}


@article{kuipers2000spatial,
  title={The spatial semantic hierarchy},
  author={Kuipers, Benjamin},
  journal={Artificial Intelligence},
  volume={119},
  number={1},
  pages={191--233},
  year={2000},
  publisher={Elsevier}
}


@incollection{kuipers2008intellectual,
  title={An intellectual history of the Spatial Semantic Hierarchy},
  author={Kuipers, Benjamin},
  booktitle={Robotics and cognitive approaches to spatial mapping},
  pages={243--264},
  year={2008},
  publisher={Springer}
}

@article{kjelstrup2008finite,
  title={Finite scale of spatial representation in the hippocampus},
  author={Kjelstrup, Kirsten Brun and Solstad, Trygve and Brun, Vegard Heimly and Hafting, Torkel and Leutgeb, Stefan and Witter, Menno P and Moser, Edvard I and Moser, May-Britt},
  journal={Science},
  volume={321},
  number={5885},
  pages={140--143},
  year={2008},
  publisher={American Association for the Advancement of Science}
}


@article{gopal1989navigator,
  title={Navigator: a psychologically based model of environmental learning through navigation},
  author={Gopal, Sucharita and Klatzky, Roberta L and Smith, Terence R},
  journal={Journal of environmental Psychology},
  volume={9},
  number={4},
  pages={309--331},
  year={1989},
  publisher={Elsevier}
}

@article{gopal1990human,
  title={Human way-finding in an urban environment: a performance analysis of a computational process model},
  author={Gopal, S and Smith, TR},
  journal={Environment and Planning A},
  volume={22},
  number={2},
  pages={169--191},
  year={1990},
  publisher={Pion Ltd, London}
}


@article{barsalou2008grounded,
  title={Grounded cognition},
  author={Barsalou, Lawrence W},
  journal={Annu. Rev. Psychol.},
  volume={59},
  pages={617--645},
  year={2008},
  publisher={Annual Reviews}
}

@incollection{qin2007act,
  title={{ACT-R Meets fMRI}},
  author={Qin, Yulin and Bothell, Daniel and Anderson, John R},
  booktitle={Web Intelligence Meets Brain Informatics},
  pages={205--222},
  year={2007},
  publisher={Springer}
}

@article{anderson2008central,
  title={A central circuit of the mind},
  author={Anderson, John R and Fincham, Jon M and Qin, Yulin and Stocco, Andrea},
  journal={Trends in cognitive sciences},
  volume={12},
  number={4},
  pages={136--143},
  year={2008},
  publisher={Elsevier}
}


@incollection{barkowsky2001mental,
  title={Mental processing of geographic knowledge},
  author={Barkowsky, Thomas},
  booktitle={Spatial Information Theory},
  pages={371--386},
  year={2001},
  publisher={Springer}
}


@article{kosslyn1994image,
  title={Image and brain: The resolution of the imagery debate},
  author={Kosslyn, Stephen M and Pylyshyn, Zenon},
  journal={Nature},
  volume={372},
  number={6503},
  pages={289--289},
  year={1994},
  publisher={[London: Macmillan Journals], 1869-}
}


@article{raubal2001human,
  title={Human wayfinding in unfamiliar buildings: a simulation with a cognizing agent},
  author={Raubal, Martin},
  journal={Cognitive Processing},
  volume={2},
  number={3},
  pages={363--388},
  year={2001}
}


@book{gibson1986ecological,
  title={The ecological approach to visual perception},
  author={Gibson, James Jerome},
  year={1986},
  publisher={Psychology Press}
}


@incollection{thomas2007spatial,
  title={A spatial cognitive map and a human-like memory model dedicated to pedestrian navigation in virtual urban environments},
  author={Thomas, Romain and Donikian, St{\'e}phane},
  booktitle={Spatial Cognition V Reasoning, Action, Interaction},
  pages={421--438},
  year={2007},
  publisher={Springer}
}


@article{bremner2012coding,
  title={Coding of the reach vector in parietal area 5d},
  author={Bremner, Lindsay R and Andersen, Richard A},
  journal={Neuron},
  volume={75},
  number={2},
  pages={342--351},
  year={2012},
  publisher={Elsevier}
}

@article{holmes2005,
  title={Allocentric coding of object-to-object relations in overlearned and novel environments.},
  author={Holmes, Melinda C and Sholl, M Jeanne},
  journal={Journal of Experimental Psychology: Learning, Memory, and Cognition},
  volume={31},
  number={5},
  pages={1069},
  year={2005},
  publisher={American Psychological Association}
}

@article{waller2006,
  title={Transient and enduring spatial representations under disorientation and self-rotation.},
  author={Waller, David and Hodgson, Eric},
  journal={Journal of Experimental Psychology: Learning, Memory, and Cognition},
  volume={32},
  number={4},
  pages={867},
  year={2006},
  publisher={American Psychological Association}
}


@article{dawson1994connectionism,
  title={Connectionism, confusion and cognitive science},
  author={Dawson, MICHAEL RW and Shamanski, KEVIN S},
  journal={Journal of intelligent systems},
  volume={4},
  number={3-4},
  pages={215--262},
  year={1994}
}

@article{jain1996artificial,
  title={Artificial neural networks: A tutorial},
  author={Jain, Anil K and Mao, Jianchang and Mohiuddin, K Moidin},
  journal={IEEE computer},
  volume={29},
  number={3},
  pages={31--44},
  year={1996}
}

@article{ghosh2009spiking,
  title={Spiking neural networks},
  author={Ghosh-Dastidar, Samanwoy and Adeli, Hojjat},
  journal={International journal of neural systems},
  volume={19},
  number={04},
  pages={295--308},
  year={2009},
  publisher={World Scientific}
}

@article{arleo2000spatial,
  title={Spatial cognition and neuro-mimetic navigation: a model of hippocampal place cell activity},
  author={Arleo, Angelo and Gerstner, Wulfram},
  journal={Biological Cybernetics},
  volume={83},
  number={3},
  pages={287--299},
  year={2000},
  publisher={Springer}
}

@article{eichenbaum2007medial,
  title={The medial temporal lobe and recognition memory},
  author={Eichenbaum, Howard and Yonelinas, AR and Ranganath, Charan},
  journal={Annual review of neuroscience},
  volume={30},
  pages={123},
  year={2007},
  publisher={NIH Public Access}
}


@article{o1996geometric,
  title={Geometric determinants of the place fields of hippocampal neurons},
  author={O'Keefe, John and Burgess, Neil},
  journal={Nature},
  volume={381},
  number={6581},
  pages={425--428},
  year={1996}
}


@inproceedings{barrera2007bio,
  title={Bio-inspired model of robot spatial cognition: topological place recognition and target learning},
  author={Barrera, Alejandra and Weitzenfeld, Alfredo},
  booktitle={Computational Intelligence in Robotics and Automation, 2007. CIRA 2007. International Symposium on},
  pages={61--66},
  year={2007},
  organization={IEEE}
}


@article{barrera2008biologically,
  title={Biologically-inspired robot spatial cognition based on rat neurophysiological studies},
  author={Barrera, Alejandra and Weitzenfeld, Alfredo},
  journal={Autonomous Robots},
  volume={25},
  number={1-2},
  pages={147--169},
  year={2008},
  publisher={Springer}
}


@article{scholkopf1995view,
  title={View-based cognitive mapping and path planning},
  author={Sch{\"o}lkopf, Bernhard and Mallot, Hanspeter A},
  journal={Adaptive Behavior},
  volume={3},
  number={3},
  pages={311--348},
  year={1995},
  publisher={Sage Publications}
}


@article{kohonen1990self,
  title={The self-organizing map},
  author={Kohonen, Teuvo},
  journal={Proceedings of the IEEE},
  volume={78},
  number={9},
  pages={1464--1480},
  year={1990},
  publisher={IEEE}
}

@article{mcnaughton2006path,
  title={Path integration and the neural basis of the'cognitive map'},
  author={McNaughton, Bruce L and Battaglia, Francesco P and Jensen, Ole and Moser, Edvard I and Moser, May-Britt},
  journal={Nature Reviews Neuroscience},
  volume={7},
  number={8},
  pages={663--678},
  year={2006},
  publisher={Nature Publishing Group}
}


@article{samsonovich1997path,
  title={Path integration and cognitive mapping in a continuous attractor neural network model},
  author={Samsonovich, Alexei and McNaughton, Bruce L},
  journal={The Journal of neuroscience},
  volume={17},
  number={15},
  pages={5900--5920},
  year={1997},
  publisher={Soc Neuroscience}
}


@article{voicu2003hierarchical,
  title={Hierarchical cognitive maps},
  author={Voicu, Horatiu},
  journal={Neural Networks},
  volume={16},
  number={5},
  pages={569--576},
  year={2003},
  publisher={Elsevier}
}

@article{voicu_exploration_2000,
	title = {Exploration, navigation and cognitive mapping},
	volume = {8},
	
	number = {3-4},
	
	journal = {Adaptive Behavior},
	author = {Voicu, Horatiu and Schmajuk, Nestor},
	year = {2000},
	pages = {207–223}
}

@article{byrne_remembering_2007,
	title = {Remembering the past and imagining the future: a neural model of spatial memory and imagery.},
	volume = {114},
	shorttitle = {Remembering the past and imagining the future},
	number = {2},
	
	journal = {Psychological review},
	author = {Byrne, Patrick and Becker, Suzanna and Burgess, Neil},
	year = {2007},
	pages = {340},
	file = {[HTML] from nih.gov:C:\Users\Tom\AppData\Roaming\Mozilla\Firefox\Profiles\28kkvu2f.default-1362753429276\zotero\storage\CVFZM53X\PMC2678675.html:text/html;Snapshot:C:\Users\Tom\AppData\Roaming\Mozilla\Firefox\Profiles\28kkvu2f.default-1362753429276\zotero\storage\93RPQ98H\index.html:text/html}
}


@article{byrne2008principle,
  title={A principle for learning egocentric-allocentric transformation},
  author={Byrne, Patrick and Becker, Suzanna},
  journal={Neural computation},
  volume={20},
  number={3},
  pages={709--737},
  year={2008},
  publisher={MIT Press}
}

@incollection{dolle2008analyzing,
  title={Analyzing interactions between navigation strategies using a computational model of action selection},
  author={Doll{\'e}, Laurent and Khamassi, Mehdi and Girard, Beno{\^\i}t and Guillot, Agnes and Chavarriaga, Ricardo},
  booktitle={Spatial Cognition VI. Learning, Reasoning, and Talking about Space},
  pages={71--86},
  year={2008},
  publisher={Springer}
}

@article{dolle2010path,
  title={Path planning versus cue responding: a bio-inspired model of switching between navigation strategies},
  author={Doll{\'e}, Laurent and Sheynikhovich, Denis and Girard, Beno{\^\i}t and Chavarriaga, Ricardo and Guillot, Agn{\`e}s},
  journal={Biological cybernetics},
  volume={103},
  number={4},
  pages={299--317},
  year={2010},
  publisher={Springer}
}

@article{fox2009technical,
  title={Technical integration of hippocampus, basal ganglia and physical models for spatial navigation},
  author={Fox, Charles and Humphries, Mark and Mitchinson, Ben and Kiss, Tamas and Somogyvari, Zoltan and Prescott, Tony},
  journal={Frontiers in neuroinformatics},
  volume={3},
  year={2009},
  publisher={Frontiers Research Foundation}
}

@article{erdem2012goal,
  title={A goal-directed spatial navigation model using forward trajectory planning based on grid cells},
  author={Erdem, U{\u{g}}ur M and Hasselmo, Michael},
  journal={European Journal of Neuroscience},
  volume={35},
  number={6},
  pages={916--931},
  year={2012},
  publisher={Wiley Online Library}
}


@article{erdem2013biologically,
  title={A biologically inspired hierarchical goal directed navigation model},
  author={Erdem, U{\u{g}}ur M and Hasselmo, Michael E},
  journal={Journal of Physiology-Paris},
  year={2013},
  publisher={Elsevier}
}

@ARTICLE{eliasmith2007attractor,
AUTHOR = {Eliasmith, C. },
TITLE   = {Attractor network},
YEAR	= 2007,
JOURNAL	= Scholarpedia,
VOLUME  = 2,
NUMBER  = 10,
PAGES   = 1380
}


@article{mcnaughton1996deciphering,
  title={Deciphering the hippocampal polyglot: the hippocampus as a path integration system.},
  author={McNaughton, BL and Barnes, CA and Gerrard, JL and Gothard, K and Jung, MW and Knierim, JJ and Kudrimoti, H and Qin, Y and Skaggs, WE and Suster, M and others},
  journal={Journal of Experimental Biology},
  volume={199},
  number={1},
  pages={173--185},
  year={1996},
  publisher={The Company of Biologists Ltd}
}

@article{hasselmo2008grid,
  title={Grid cell mechanisms and function: contributions of entorhinal persistent spiking and phase resetting},
  author={Hasselmo, Michael E},
  journal={Hippocampus},
  volume={18},
  number={12},
  pages={1213--1229},
  year={2008},
  publisher={Wiley Online Library}
}

@article{gupta2013modeling,
  title={Modeling of grid cell activity demonstrates< i> in vivo</i> entorhinal ‘look-ahead’properties},
  author={Gupta, K and Erdem, UM and Hasselmo, ME},
  journal={Neuroscience},
  volume={247},
  pages={395--411},
  year={2013},
  publisher={Pergamon}
}


@article{samsonovich2010toward,
  title={Toward a Unified Catalog of Implemented Cognitive Architectures.},
  author={Samsonovich, Alexei V},
  journal={BICA},
  volume={221},
  pages={195--244},
  year={2010}
}


@article{goertzel2010world,
  title={A world survey of artificial brain projects, Part II: Biologically inspired cognitive architectures},
  author={Goertzel, Ben and Lian, Ruiting and Arel, Itamar and de Garis, Hugo and Chen, Shuo},
  journal={Neurocomputing},
  volume={74},
  number={1},
  pages={30--49},
  year={2010},
  publisher={Elsevier}
}

@inproceedings{duch2008cognitive,
  title={Cognitive Architectures: Where do we go from here?},
  author={Duch, Wlodzislaw and Oentaryo, Richard Jayadi and Pasquier, Michel},
  booktitle={AGI},
  volume={171},
  pages={122--136},
  year={2008}
}

@article{anderson1997act,
  title={{ACT-R}: A theory of higher level cognition and its relation to visual attention},
  author={Anderson, John R and Matessa, Michael and Lebiere, Christian},
  journal={Human-Computer Interaction},
  volume={12},
  number={4},
  pages={439--462},
  year={1997},
  publisher={L. Erlbaum Associates Inc.}
}

@article{anderson2004integrated,
  title={An integrated theory of the mind.},
  author={Anderson, John R and Bothell, Daniel and Byrne, Michael D and Douglass, Scott and Lebiere, Christian and Qin, Yulin},
  journal={Psychological review},
  volume={111},
  number={4},
  pages={1036},
  year={2004},
  publisher={American Psychological Association}
}

@inproceedings{harrison2003act,
  title={{ACT-R/S}: Look Ma, no" cognitive-map},
  author={Harrison, Anthony M and Schunn, Christian D and others},
  booktitle={International conference on cognitive modeling},
  pages={129--134},
  year={2003}
}

@inproceedings{kurup2009cognitive,
  title={A cognitive map for an artificial agent},
  author={Kurup, Unmesh and Chandrasekaran, B},
  booktitle={Proceedings of the Second Conference on Artificial General Intelligence, AGI},
  pages={85--90},
  year={2009}
}

@book{laird2012soar,
  title={The Soar cognitive architecture},
  author={Laird, John},
  year={2012},
  publisher={MIT Press}
}


@article{sun2004top,
  title={Top-down versus bottom-up learning in cognitive skill acquisition},
  author={Sun, Ron and Zhang, Xi},
  journal={Cognitive Systems Research},
  volume={5},
  number={1},
  pages={63--89},
  year={2004},
  publisher={Elsevier}
}


@article{sun2001implicit,
  title={From implicit skills to explicit knowledge: A bottom-up model of skill learning},
  author={Sun, Ron and Merrill, Edward and Peterson, Todd},
  journal={Cognitive Science},
  volume={25},
  number={2},
  pages={203--244},
  year={2001},
  publisher={Elsevier}
}


@phdthesis{cassimatis2001polyscheme,
  title={Polyscheme: a cognitive architecture for intergrating multiple representation and inference schemes},
  author={Cassimatis, Nicholas Louis},
  year={2001},
  school={Massachusetts Institute of Technology}
}

@article{cassimatis2004integrating,
  title={Integrating cognition, perception and action through mental simulation in robots},
  author={Cassimatis, Nicholas L and Trafton, J Gregory and Bugajska, Magdalena D and Schultz, Alan C},
  journal={Robotics and Autonomous Systems},
  volume={49},
  number={1},
  pages={13--23},
  year={2004},
  publisher={Elsevier}
}

@article{trafton2006communicating,
  title={Communicating and collaborating with robotic agents},
  author={Trafton, J Gregory and Schultz, Alan C and Cassimatis, Nicholas L and Hiatt, Laura M and Perzanowski, Dennis and Brock, Derek P and Bugajska, Magdalena D and Adams, William},
  journal={Cognition and multi-agent interaction: From cognitive modeling to social simulation},
  pages={252--278},
  year={2006},
  publisher={Cambridge University Press}
}


@article{schultheis2011casimir,
  title={Casimir: an architecture for mental spatial knowledge processing},
  author={Schultheis, Holger and Barkowsky, Thomas},
  journal={Topics in Cognitive Science},
  volume={3},
  number={4},
  pages={778--795},
  year={2011},
  publisher={Wiley Online Library}
}

@article{schultheis2007extending,
  title={Extending {ACT-R's} memory capabilities},
  author={Schultheis, Holger and Lile, Shane and Barkowsky, Thomas},
  journal={Proc. of EuroCogSci},
  volume={7},
  pages={758--763},
  year={2007}
}


@incollection{sima2010eye,
  title={Eye movements reflect reasoning with mental images but not with mental models in orientation knowledge tasks},
  author={Sima, Jan Frederik and Lindner, Maren and Schultheis, Holger and Barkowsky, Thomas},
  booktitle={Spatial Cognition VII},
  pages={248--261},
  year={2010},
  publisher={Springer}
}


@inproceedings{sima2011nature,
  title={The nature of mental images--an integrative computational theory},
  author={Sima, Jan Frederik},
  booktitle={Proceedings of the 33rd Annual Conference of the Cognitive Science Society},
  pages={2878--2883},
  year={2011},
  organization={Citeseer}
}


@article{mani1982mental,
  title={The mental representation of spatial descriptions},
  author={Mani, Kannan and Johnson-Laird, Philip N},
  journal={Memory \& Cognition},
  volume={10},
  number={2},
  pages={181--187},
  year={1982},
  publisher={Springer}
}


@article{shepard1971mental,
  title={Mental rotation of three-dimensional objects.},
  author={Shepard, RN and Metzler, J},
  journal={Science (New York, NY)},
  volume={171},
  number={3972},
  pages={701},
  year={1971}
}


@article{tulving1993episodic,
  title={What is episodic memory?},
  author={Tulving, Endel},
  journal={Current Directions in Psychological Science},
  volume={2},
  number={3},
  pages={67--70},
  year={1993}
}



@article{franklin2003conscious,
  title={IDA, A conscious {artifact?}},
  author={Franklin, Stan},
  journal={Journal of Consciousness Studies},
  volume={10},
  number={4-5},
  pages={4--5},
  year={2003},
  publisher={Imprint Academic}
}


@article{baars2009,
  title={Consciousness is computational: The {LIDA} model of global workspace theory},
  author={Baars, Bernard J and Franklin, Stan},
  journal={International Journal of Machine Consciousness},
  volume={1},
  number={01},
  pages={23--32},
  year={2009},
  publisher={World Scientific}
}

@article{baars2013global,
  title={Global workspace dynamics: cortical `binding and propagation' enables conscious contents},
  author={Baars, Bernard J and Franklin, Stan and Ramsoy, Thomas Zoega},
  journal={Frontiers in psychology},
  volume={4},
  year={2013},
  publisher={Frontiers Media SA}
}


@inbook{Fuster_2002, title={Physiology of executive functions: The perception-action cycle.}, booktitle={Principles of frontal lobe function}, publisher={New York: Oxford University Press}, author={Fuster, Joaquin M}, editor={Stuss, Donald T and Knight, Robert TEditors}, year={2002}, pages={96–108}}

@inproceedings{sloman1998what,
  title={What sort of architecture is required for a human-like agent?},
  author={Sloman, Aaron},
  booktitle={Cognitive Modeling Workshop, at AAAI 1998, eds: Charles Ling; Ron Sun},
  pages={1--8},
  year={1998},
  organization={AAAI}
}


@article{baddeley1992working,
  title={Working memory},
  author={Baddeley, Alan},
  journal={Science},
  volume={255},
  number={5044},
  pages={556--559},
  year={1992},
  publisher={American Association for the Advancement of Science}
}

@article{martin2001semantic,
  title={Semantic memory and the brain: structure and processes},
  author={Martin, Alex and Chao, Linda L},
  journal={Current opinion in neurobiology},
  volume={11},
  number={2},
  pages={194--201},
  year={2001},
  publisher={Elsevier}
}

@article{wiener2008traveling,
  title={Traveling Salesman Problem: The Human Case.},
  author={Wiener, Jan Malte and Tenbrink, Thora},
  journal={KI},
  volume={22},
  number={1},
  pages={18--22},
  year={2008}
}


@inproceedings{madl2013spatial,
  title={{Spatial Working Memory in the LIDA Cognitive Architecture}},
  year={2013},
  author={Madl, Tamas and Franklin, Stan and Chen, Ke and Trappl, Robert},
  booktitle={Proc. International Conference on Cognitive Modelling},
  pages={384-390}
}


@article{milford2010persistent,
  title={Persistent navigation and mapping using a biologically inspired SLAM system},
  author={Milford, Michael and Wyeth, Gordon},
  journal={The International Journal of Robotics Research},
  volume={29},
  number={9},
  pages={1131--1153},
  year={2010},
  publisher={Sage Publications}
}


@incollection{chown2008learning,
  title={Learning cognitive maps: Finding useful structure in an uncertain world},
  author={Chown, Eric and Boots, Byron},
  booktitle={Robotics and Cognitive Approaches to Spatial Mapping},
  pages={215--236},
  year={2008},
  publisher={Springer}
}


@article{beer2000dynamical,
  title={Dynamical approaches to cognitive science},
  author={Beer, Randall D},
  journal={Trends in cognitive sciences},
  volume={4},
  number={3},
  pages={91--99},
  year={2000},
  publisher={Elsevier}
}


@article{calton2009and,
  title={Where am I and how will I get there from here? A role for posterior parietal cortex in the integration of spatial information and route planning},
  author={Calton, Jeffrey L and Taube, Jeffrey S},
  journal={Neurobiology of learning and memory},
  volume={91},
  number={2},
  pages={186--196},
  year={2009},
  publisher={Elsevier}
}


@article{lew2011looking,
  title={Looking beyond the boundaries: time to put landmarks back on the cognitive map?},
  author={Lew, Adina R},
  journal={Psychological bulletin},
  volume={137},
  number={3},
  pages={484},
  year={2011},
  publisher={American Psychological Association}
}


@incollection{motomura2009eegactr,
  title={{EEG/ERP} meets {ACT-R}: a case study for investigating human computation mechanism},
  author={Motomura, Shinichi and Ojima, Yuya and Zhong, Ning},
  booktitle={Brain Informatics},
  pages={63--73},
  year={2009},
  publisher={Springer}
}


@incollection{qin2007fmriactr,
  title={{ACT-R Meets fMRI}},
  author={Qin, Yulin and Bothell, Daniel and Anderson, John R},
  booktitle={Web Intelligence Meets Brain Informatics},
  pages={205--222},
  year={2007},
  publisher={Springer}
}

@article{anderson2008central,
  title={A central circuit of the mind},
  author={Anderson, John R and Fincham, Jon M and Qin, Yulin and Stocco, Andrea},
  journal={Trends in cognitive sciences},
  volume={12},
  number={4},
  pages={136--143},
  year={2008},
  publisher={Elsevier}
}

@article{montello2002cognitive,
  title={Cognitive map-design research in the twentieth century: Theoretical and empirical approaches},
  author={Montello, Daniel R},
  journal={Cartography and Geographic Information Science},
  volume={29},
  number={3},
  pages={283--304},
  year={2002},
  publisher={Taylor \& Francis}
}



@article{tommasi2012psychology,
  title={Psychology of spatial cognition},
  author={Tommasi, Luca and Laeng, Bruno},
  journal={Wiley Interdisciplinary Reviews: Cognitive Science},
  volume={3},
  number={6},
  pages={565--580},
  year={2012},
  publisher={Wiley Online Library}
}


@article{tommasi2012natural,
  title={From natural geometry to spatial cognition},
  author={Tommasi, Luca and Chiandetti, Cinzia and Pecchia, Tommaso and Sovrano, Valeria Anna and Vallortigara, Giorgio},
  journal={Neuroscience \& Biobehavioral Reviews},
  volume={36},
  number={2},
  pages={799--824},
  year={2012},
  publisher={Elsevier}
}


@book{allen2003human,
  title={Human spatial memory: Remembering where},
  author={Allen, Gary L},
  year={2003},
  publisher={Psychology Press}
}


@article{avraamides2008multiple,
  title={Multiple systems of spatial memory and action},
  author={Avraamides, Marios N and Kelly, Jonathan W},
  journal={Cognitive processing},
  volume={9},
  number={2},
  pages={93--106},
  year={2008},
  publisher={Springer}
}

@article{mark1999cognitive,
  title={Cognitive models of geographical space},
  author={Mark, David M and Freksa, Christian and Hirtle, Stephen C and Lloyd, Robert and Tversky, Barbara},
  journal={International Journal of Geographical Information Science},
  volume={13},
  number={8},
  pages={747--774},
  year={1999},
  publisher={Taylor \& Francis}
}

@article{willshaw1976patterned,
  title={How patterned neural connections can be set up by self-organization},
  author={Willshaw, David J and Von Der Malsburg, Christoph},
  journal={Proceedings of the Royal Society of London. Series B. Biological Sciences},
  volume={194},
  number={1117},
  pages={431--445},
  year={1976},
  publisher={The Royal Society}
}

@article{Shinder2010,
abstract = {Vestibular information is an important factor in maintaining accurate spatial awareness. Yet, each of the cortical areas involved in processing vestibular information has unique functionality. Further, the anatomical pathways that provide vestibular input for cognitive processes are also distinct. This review outlines some of the current understanding of vestibular pathways contributing to the perception of self-motion in the cortex. The vestibulo-thalamic pathway is associated with self-motion cues for updating motor behaviors, spatial representations, and self versus object motion distinctions. The mammillo-tegmental pathway supplies vestibular input to create a cognitive representation of head direction. Self-motion and head direction information then converge to define self-location. By outlining the functional anatomy of the vestibular cortical pathways, a multi-sensory and multi-faceted view of vestibular related spatial awareness emerges.},
author = {Shinder, Michael E and Taube, Jeffrey S},
doi = {10.3233/VES-2010-0344},
file = {:E:/Google Drive/PhD/papers/\_general/!!! 2010 Differentiating ascending vestibular pathways to the cortex involved in spatial cognition.pdf:pdf},
issn = {1878-6464},
journal = {Journal of Vestibular Research : Equilibrium \& Orientation},
keywords = {Cerebral Cortex,Cerebral Cortex: anatomy \& histology,Cognition,Cues,Humans,Motion Perception,Perception,Perception: physiology,Thalamus,Thalamus: physiology,Vestibule, Labyrinth,Vestibule, Labyrinth: anatomy \& histology,Vestibule, Labyrinth: physiology},
month = jan,
number = {1},
pages = {3--23},
pmid = {20555163},
title = {{Differentiating ascending vestibular pathways to the cortex involved in spatial cognition.}},

volume = {20},
year = {2010}
}


@article{mcnamara1986mental,
  title={Mental representations of spatial relations},
  author={McNamara, Timothy P},
  journal={Cognitive psychology},
  volume={18},
  number={1},
  pages={87--121},
  year={1986},
  publisher={Elsevier}
}