@article{golub1999molecular,
	title={Molecular classification of cancer: class discovery and class prediction by gene expression monitoring},
	author={Golub, Todd R and Slonim, Donna K and Tamayo, Pablo and Huard, Christine and Gaasenbeek, Michelle and Mesirov, Jill P and Coller, Hilary and Loh, Mignon L and Downing, James R and Caligiuri, Mark A and others},
	journal={Science},
	volume={286},
	number={5439},
	pages={531--537},
	year={1999},
	publisher={American Association for the Advancement of Science}
}

@article{wang2014semi,
	title={Semi-supervised consensus clustering for gene expression data analysis},
	author={Wang, Yunli and Pan, Youlian},
	journal={BioData mining},
	volume={7},
	number={1},
	pages={1--13},
	year={2014},
	publisher={Springer}
}

@inproceedings{bostrom2007estimating,
	title={Estimating class probabilities in random forests},
	author={Bostr{\"o}m, Henrik},
	booktitle={Sixth International Conference on Machine Learning and Applications},
	pages={211--216},
	year={2007},
	organization={IEEE}
}

@article{breiman2001random,
	title={Random forests},
	author={Breiman, Leo},
	journal={Machine learning},
	volume={45},
	number={1},
	pages={5--32},
	year={2001},
	publisher={Springer}
}

@inproceedings{ding2007adaptive,
	title={Adaptive dimension reduction using discriminant analysis and k-means clustering},
	author={Ding, Chris and Li, Tao},
	booktitle={Proceedings of the 24th International Conference on Machine Learning},
	pages={521--528},
	year={2007},
	organization={ACM}
}

@phdthesis{eaton2005clustering,
	title={Clustering with Propagated Constraints},
	author={Eaton, Eric Robert},
	year={2005},
	school={Citeseer}
}

@inproceedings{tang2007enhancing,
	title={Enhancing semi-supervised clustering: a feature projection perspective},
	author={Tang, Wei and Xiong, Hui and Zhong, Shi and Wu, Jie},
	booktitle={Proceedings of the 13th International Conference on Knowledge Discovery and Data Mining},
	pages={707--716},
	year={2007},
	organization={ACM}
}

@article{wang2014constraint,
	title={Constraint Neighborhood Projections for Semi-Supervised Clustering},
	author={Wang, Hongjun and Li, Tao and Li, Tianrui and Yang, Yan},
	journal={IEEE Transactions on Cybernetics},
	volume={44},
	number={5},
	pages={636--643},
	year={2014},
	publisher={IEEE}
}

@article{zhou2004learning,
	title={Learning with local and global consistency},
	author={Zhou, Dengyong and Bousquet, Olivier and Lal, Thomas Navin and Weston, Jason and Sch{\"o}lkopf, Bernhard},
	journal={Advances in neural information processing systems},
	volume={16},
	number={16},
	pages={321--328},
	year={2004}
}

@article{zeng2012semi,
	title={Semi-supervised maximum margin clustering with pairwise constraints},
	author={Zeng, Hong and Cheung, Yiu-ming},
	journal={IEEE Transactions on Knowledge and Data Engineering},
	volume={24},
	number={5},
	pages={926--939},
	year={2012},
	publisher={IEEE}
}

@inproceedings{hu2008maximum,
	title={Maximum margin clustering with pairwise constraints},
	author={Hu, Yang and Wang, Jingdong and Yu, Nenghai and Hua, Xian-Sheng},
	booktitle={Data Mining, 2008. ICDM'08. Eighth IEEE International Conference on},
	pages={253--262},
	year={2008},
	organization={IEEE}
}

@inproceedings{bilenko2004integrating,
	title={Integrating constraints and metric learning in semi-supervised clustering},
	author={Bilenko, Mikhail and Basu, Sugato and Mooney, Raymond J},
	booktitle={Proceedings of the twenty-first International Conference on Machine learning},
	pages={11},
	year={2004},
	organization={ACM}
}

@inproceedings{hoi2006learning,
	title={Learning distance metrics with contextual constraints for image retrieval},
	author={Hoi, Steven CH and Liu, Wei and Lyu, Michael R and Ma, Wei-Ying},
	booktitle={IEEE Computer Society Conference on Computer Vision and Pattern Recognition},
	volume={2},
	pages={2072--2078},
	year={2006},
	organization={IEEE}
}


@article{van2008visualizing,
	title={Visualizing data using t-SNE},
	author={Van der Maaten, Laurens and Hinton, Geoffrey},
	journal={Journal of Machine Learning Research},
	volume={9},
	number={2579-2605},
	pages={85},
	year={2008}
}

@article{jones1993lipschitzian,
	title={Lipschitzian optimization without the Lipschitz constant},
	author={Jones, Donald R and Perttunen, Cary D and Stuckman, Bruce E},
	journal={Journal of Optimization Theory and Applications},
	volume={79},
	number={1},
	pages={157--181},
	year={1993},
	publisher={Springer}
}

@article{gablonsky2001locally,
	title={A locally-biased form of the DIRECT algorithm},
	author={Gablonsky, Joerg M and Kelley, C Tim},
	journal={Journal of Global Optimization},
	volume={21},
	number={1},
	pages={27--37},
	year={2001},
	publisher={Springer}
}

@article{platt1999probabilistic,
	title={Probabilistic outputs for support vector machines and comparisons to regularized likelihood methods},
	author={Platt, John and others},
	journal={Advances in Large Margin Classifiers},
	volume={10},
	number={3},
	pages={61--74},
	year={1999},
	publisher={Cambridge, MA}
}

@article{loog2015contrastive,
	title={Contrastive Pessimistic Likelihood Estimation for Semi-Supervised Classification},
	author={Loog, Marco},
	journal={arXiv preprint arXiv:1503.00269},
	year={2015}
}

@book{rasmussen2005gp,
	author = {Rasmussen, Carl Edward and Williams, Christopher K. I.},
	title = {Gaussian Processes for Machine Learning},
	year = {2005},
	isbn = {026218253X},
	publisher = {The MIT Press},
} 

@inproceedings{rennie2003tackling,
	title={Tackling the poor assumptions of naive bayes text classifiers},
	author={Rennie, Jason D and Shih, Lawrence and Teevan, Jaime and Karger, David R and others},
	booktitle={ICML},
	volume={3},
	pages={616--623},
	year={2003},
	organization={Washington DC)}
}

@article{chapelle2006semi,
	title={Semi-supervised learning},
	author={Chapelle, Olivier and Sch{\"o}lkopf, Bernhard and Zien, Alexander and others},
	year={2006},
	publisher={MIT press Cambridge}
}

@article{ward1963hierarchical,
	title={Hierarchical grouping to optimize an objective function},
	author={Ward Jr, Joe H},
	journal={Journal of the American Statistical Association},
	volume={58},
	number={301},
	pages={236--244},
	year={1963},
	publisher={Taylor \& Francis}
}

@inproceedings{rasmussen1999infinite,
	title={The infinite Gaussian mixture model.},
	author={Rasmussen, Carl Edward},
	booktitle={NIPS},
	volume={12},
	pages={554--560},
	year={1999}
}

@article{baghshah2010kernel,
	title={Kernel-based metric learning for semi-supervised clustering},
	author={Baghshah, Mahdieh Soleymani and Shouraki, Saeed Bagheri},
	journal={Neurocomputing},
	volume={73},
	number={7},
	pages={1352--1361},
	year={2010},
	publisher={Elsevier}
}

@inproceedings{chitta2011approximate,
	title={Approximate kernel k-means: Solution to large scale kernel clustering},
	author={Chitta, Radha and Jin, Rong and Havens, Timothy C and Jain, Anil K},
	booktitle={Proceedings of the 17th International Conference on Knowledge Discovery and Data Mining},
	pages={895--903},
	year={2011},
	organization={ACM}
}

@article{zeng2012semi,
	title={Semi-supervised maximum margin clustering with pairwise constraints},
	author={Zeng, Hong and Cheung, Yiu-ming},
	journal={IEEE Transactions on Knowledge and Data Engineering},
	volume={24},
	number={5},
	pages={926--939},
	year={2012},
	publisher={IEEE}
}

@article{wang2007density,
	title={Density-Sensitive semi-supervised spectral clustering},
	author={Wang, Ling and Bo, Lie-Feng and Jiao, Li-Cheng},
	journal={Ruan Jian Xue Bao(Journal of Software)},
	volume={18},
	number={10},
	pages={2412--2422},
	year={2007}
}

@InProceedings{brin1995near,
	author =       "Sergey Brin",
	title =        "Near Neighbor Search in Large Metric Spaces",
	editor =       "Umeshwar Dayal and Peter M. D. Gray and Shojiro
	Nishio",
	booktitle =    "{VLDB} '95: proceedings of the 21st International
	Conference on Very Large Data Bases, Zurich,
	Switzerland, Sept. 11--15, 1995",
	publisher =    "Morgan Kaufmann Publishers",
	address =      "Los Altos, CA 94022, USA",
	year =         "1995",
	ISBN =         "1-55860-379-4",
	pages =        "574--584",
	year =         "1995",
	bibdate =      "Tue Oct 21 15:14:31 MDT 1997",
	acknowledgement = ack-nhfb,
	annote =       "Also known as VLDB 95",
	keywords =     "VLDB; very large data bases; large data bases",
}


@article{liu2014semi,
	title={Semi-supervised Linear Discriminant Clustering},
	author={Liu, Chien-Liang and Hsaio, Wen-Hoar and Lee, Chia-Hoang and Gou, Fu-Sheng},
	journal={IEEE Transactions on Cybernetics},
	volume={44},
	number={7},
	pages={989--1000},
	year={2014},
	publisher={IEEE}
}

@inproceedings{ong2005learning,
	title={Learning the kernel with hyperkernels},
	author={Ong, Cheng S and Williamson, Robert C and Smola, Alex J},
	booktitle={Journal of Machine Learning Research},
	pages={1043--1071},
	year={2005}
}

@inproceedings{weinberger2005distance,
	title={Distance metric learning for large margin nearest neighbor classification},
	author={Weinberger, Kilian Q and Blitzer, John and Saul, Lawrence K},
	booktitle={Advances in Neural Information Processing Systems},
	pages={1473--1480},
	year={2005}
}

@inproceedings{bellet2012similarity,
	title={Similarity Learning for Provably Accurate Sparse Linear ClassiÔ¨Åcation},
	author={Xing, Eric P and Jordan, Michael I and Russell, Stuart and Ng, Andrew Y},
	booktitle={Proceedings of the 29th International Conference	on Machine Learning (ICML)},
	pages={1871--1878},
	year={2012}
}

@incollection{guillaumin2010multiple,
	title={Multiple instance metric learning from automatically labeled bags of faces},
	author={Guillaumin, Matthieu and Verbeek, Jakob and Schmid, Cordelia},
	booktitle={Computer Vision--ECCV 2010},
	pages={634--647},
	year={2010},
	publisher={Springer}
}

@article{kulis2012metric,
	title={Metric learning: A survey},
	author={Kulis, Brian},
	journal={Foundations and Trends in Machine Learning},
	volume={5},
	number={4},
	pages={287--364},
	year={2012}
}

@inproceedings{guillaumin2009you,
	title={Is that you? Metric learning approaches for face identification},
	author={Guillaumin, Matthieu and Verbeek, Jakob and Schmid, Cordelia},
	booktitle={Computer Vision, 2009 IEEE 12th International Conference on},
	pages={498--505},
	year={2009},
	organization={IEEE}
}

@book{gpml06,
	author = {Rasmussen, Carl E. and Williams, Christopher},
	booktitle = {Gaussian Processes for Machine Learning},
	citeulike-article-id = {4015194},
	citeulike-linkout-0 = {http://www.gaussianprocess.org/gpml/},
	keywords = {gaussianprocesses, gp, machinelearning},
	posted-at = {2009-02-06 10:28:12},
	priority = {2},
	publisher = {MIT Press},
	title = {{Gaussian Processes for Machine Learning}},
	url = {http://www.gaussianprocess.org/gpml/},
	year = {2006}
}

@incollection{kibriya2005multinomial,
	title={Multinomial naive bayes for text categorization revisited},
	author={Kibriya, Ashraf M and Frank, Eibe and Pfahringer, Bernhard and Holmes, Geoffrey},
	booktitle={AI 2004: Advances in Artificial Intelligence},
	pages={488--499},
	year={2005},
	publisher={Springer}
}

@article{bensmail1996regularized,
	title={Regularized Gaussian discriminant analysis through eigenvalue decomposition},
	author={Bensmail, Halima and Celeux, Gilles},
	journal={Journal of the American statistical Association},
	volume={91},
	number={436},
	pages={1743--1748},
	year={1996},
	publisher={Taylor \& Francis}
}

@article{xu2012distance,
	title={Distance metric learning for kernel machines},
	author={Xu, Zhixiang and Weinberger, Kilian Q and Chapelle, Olivier},
	journal={arXiv preprint arXiv:1208.3422},
	year={2012}
}

@article{yeung2007kernel,
	title={A kernel approach for semisupervised metric learning},
	author={Yeung, Dit-Yan and Chang, Hong},
	journal={IEEE Transactions on Neural Networks},
	volume={18},
	number={1},
	pages={141--149},
	year={2007},
	publisher={IEEE}
}

@article{bair2013semi,
	title={Semi-supervised clustering methods},
	author={Bair, Eric},
	journal={Wiley Interdisciplinary Reviews: Computational Statistics},
	volume={5},
	number={5},
	pages={349--361},
	year={2013},
	publisher={Wiley Online Library}
}

@inproceedings{xing2002distance,
  title={Distance metric learning with application to clustering with side-information},
  author={Xing, Eric P and Jordan, Michael I and Russell, Stuart and Ng, Andrew Y},
  booktitle={Advances in Neural Information Processing Systems},
  pages={505--512},
  year={2002}
}

@inproceedings{tang2007enhancing,
	title={Enhancing semi-supervised clustering: a feature projection perspective},
	author={Tang, Wei and Xiong, Hui and Zhong, Shi and Wu, Jie},
	booktitle={Proceedings of the 13th ACM SIGKDD international conference on Knowledge discovery and data mining},
	pages={707--716},
	year={2007},
	organization={ACM}
}

@inproceedings{basu2004probabilistic,
	title={A probabilistic framework for semi-supervised clustering},
	author={Basu, Sugato and Bilenko, Mikhail and Mooney, Raymond J},
	booktitle={Proceedings of the tenth ACM SIGKDD international conference on Knowledge discovery and data mining},
	pages={59--68},
	year={2004},
	organization={ACM}
}

@article{zeng2012semi,
	title={Semi-supervised maximum margin clustering with pairwise constraints},
	author={Zeng, Hong and Cheung, Yiu-ming},
	journal={IEEE Transactions on Knowledge and Data Engineering},
	volume={24},
	number={5},
	pages={926--939},
	year={2012},
	publisher={IEEE}
}

@article{wang2014constraint,
	title={Constraint Neighborhood Projections for Semi-Supervised Clustering},
	author={Wang, Hongjun and Li, Tao and Li, Tianrui and Yang, Yan},
	journal={IEEE Transactions on Cybernetics},
	volume={44},
	number={5},
	pages={636--643},
	year={2014},
	publisher={IEEE}
}

@article{chen2015deep,
	title={Deep Transductive Semi-supervised Maximum Margin Clustering},
	author={Chen, Gang},
	journal={arXiv preprint arXiv:1501.06237},
	year={2015}
}