@article{nardini2008development,
	title={Development of cue integration in human navigation},
	author={Nardini, Marko and Jones, Peter and Bedford, Rachael and Braddick, Oliver},
	journal={Current biology},
	volume={18},
	number={9},
	pages={689--693},
	year={2008},
	publisher={Elsevier}
}

@article{schultheis2011casimir,
	title={Casimir: an architecture for mental spatial knowledge processing},
	author={Schultheis, Holger and Barkowsky, Thomas},
	journal={Topics in Cognitive Science},
	volume={3},
	number={4},
	pages={778--795},
	year={2011},
	publisher={Wiley Online Library}
}

@article{sun2004top,
	title={Top-down versus bottom-up learning in cognitive skill acquisition},
	author={Sun, Ron and Zhang, Xi},
	journal={Cognitive Systems Research},
	volume={5},
	number={1},
	pages={63--89},
	year={2004},
	publisher={Elsevier}
}

@inproceedings{harrison2003act,
	title={{ACT-R/S}: Look Ma, no" cognitive-map},
	author={Harrison, Anthony M and Schunn, Christian D and others},
	booktitle={International conference on cognitive modeling},
	pages={129--134},
	year={2003}
}

@inproceedings{goertzel2013cogprime,
	title={The CogPrime architecture for embodied artificial general intelligence},
	author={Goertzel, Ben and Ke, Shujing and Lian, Ruiting and O'Neill, Jade and Sadeghi, Khosrow and Wang, Dingjie and Watkins, Oliver and Yu, Guanding},
	booktitle={Computational Intelligence for Human-like Intelligence (CIHLI), 2013 IEEE Symposium on},
	pages={60--67},
	year={2013},
	organization={IEEE}
}

@inproceedings{samsonovich2011comparative,
	title={Comparative Analysis of Implemented Cognitive Architectures.},
	author={Samsonovich, Alexei V},
	booktitle={BICA},
	pages={469--479},
	year={2011}
}

@article{samsonovich2010toward,
	title={Toward a Unified Catalog of Implemented Cognitive Architectures.},
	author={Samsonovich, Alexei V},
	journal={BICA},
	volume={221},
	pages={195--244},
	year={2010}
}

@article{newell1973you,
	title={You can't play 20 questions with nature and win: Projective comments on the papers of this symposium},
	author={Newell, Allen},
	year={1973}
}

@incollection{newell1973you,
	title={You can't play 20 questions with nature and win: Projective comments on the papers of this symposium},
	author={Newell, Allen},
	booktitle={Visual information processing},
	year={1973},
	publisher={New York: Academic Press},
	editor={Chase, W G}
}

@article{langley2009cognitive,
	title={Cognitive architectures: Research issues and challenges},
	author={Langley, Pat and Laird, John E and Rogers, Seth},
	journal={Cognitive Systems Research},
	volume={10},
	number={2},
	pages={141--160},
	year={2009},
	publisher={Elsevier}
}

@article{calabrese2013ontology,
	title={An ontology-based segmentation scheme for tracking postnatal changes in the developing rodent brain with MRI},
	author={Calabrese, Evan and Johnson, G Allan and Watson, Charles},
	journal={NeuroImage},
	volume={67},
	pages={375--384},
	year={2013},
	publisher={Elsevier}
}

@incollection{newman2011describing,
	title={Describing, navigating and recognising urban spaces-building an end-to-end SLAM system},
	author={Newman, Paul and Chandran-Ramesh, Manjari and Cole, Dave and Cummins, Mark and Harrison, Alastair and Posner, Ingmar and Schroeter, Derik},
	booktitle={Robotics Research},
	pages={237--253},
	year={2011},
	publisher={Springer}
}

@article{hartley2014space,
	title={Space in the brain: how the hippocampal formation supports spatial cognition},
	author={Hartley, Tom and Lever, Colin and Burgess, Neil and O'Keefe, John},
	journal={Philosophical Transactions of the Royal Society of London B: Biological Sciences},
	volume={369},
	number={1635},
	pages={20120510},
	year={2014},
	publisher={The Royal Society}
}

@inproceedings{machado2013evaluation,
	title={An evaluation of 2D SLAM techniques available in robot operating system},
	author={Machado Santos, Joao and Portugal, David and Rocha, Rui P},
	booktitle={Safety, Security, and Rescue Robotics (SSRR), 2013 IEEE International Symposium on},
	pages={1--6},
	year={2013},
	organization={IEEE}
}

@article{vsimic1997volume,
	title={Volume and number of neurons of the human hippocampal formation in normal aging and Alzheimer's disease},
	author={{\v{S}}imi{\'c}, Goran and Bogdanovi{\'c}, Nenad},
	journal={Journal of Comparative Neurology},
	volume={379},
	number={4},
	pages={482--494},
	year={1997},
	publisher={Hrvatska znanstvena bibliografija i MZOS-Svibor}
}

@article{rapp1996preserved,
	title={Preserved neuron number in the hippocampus of aged rats with spatial learning deficits},
	author={Rapp, Peter R and Gallagher, Michela},
	journal={Proceedings of the National Academy of Sciences},
	volume={93},
	number={18},
	pages={9926--9930},
	year={1996},
	publisher={National Acad Sciences}
}

@article{wiener2003fine,
	title={'Fine-to-coarse'route planning and navigation in regionalized environments},
	author={Wiener, Jan M and Mallot, Hanspeter A},
	journal={Spatial cognition and computation},
	volume={3},
	number={4},
	pages={331--358},
	year={2003},
	publisher={Taylor \& Francis}
}

@inproceedings{wurm2010octomap,
	title={OctoMap: A probabilistic, flexible, and compact 3D map representation for robotic systems},
	author={Wurm, Kai M and Hornung, Armin and Bennewitz, Maren and Stachniss, Cyrill and Burgard, Wolfram},
	booktitle={Proc. of the ICRA 2010 workshop on best practice in 3D perception and modeling for mobile manipulation},
	volume={2},
	year={2010}
}

@article{kuipers2000spatial,
	title={The spatial semantic hierarchy},
	author={Kuipers, Benjamin},
	journal={Artificial intelligence},
	volume={119},
	number={1},
	pages={191--233},
	year={2000},
	publisher={Elsevier}
}

@article{mcnamara1989subjective,
	title={Subjective hierarchies in spatial memory.},
	author={McNamara, Timothy P and Hardy, James K and Hirtle, Stephen C},
	journal={Journal of Experimental Psychology: Learning, Memory, and Cognition},
	volume={15},
	number={2},
	pages={211},
	year={1989},
	publisher={American Psychological Association}
}

@article{hirtle1985evidence, title={Evidence of hierarchies in cognitive maps}, volume={13}, number={3}, journal={Memory \& Cognition}, author={Hirtle, S.C. and Jonides, J.}, year={1985}, pages={208--217}}

@article{madl2015computational,
	title={Computational cognitive models of spatial memory in navigation space: A review},
	author={Madl, Tamas and Chen, Ke and Montaldi, Daniela and Trappl, Robert},
	journal={Neural Networks},
	volume={65},
	pages={18--43},
	year={2015},
	publisher={Elsevier}
}

@article{marr1977understanding,
	author = {Poggio, Tomaso and Marr, David},
	journal = {Neurosciences Research Program Bulletin},
	pages = {470--488},
	title = {From understanding computation to understanding neural circuitry},
	volume = {15},
	year = {1977}
}

@techreport{marr1976understanding,
	title={From Understanding Computation to Understanding Neural Circuitry.},
	author={Marr, D and Poggio, T},
	year={1976},
	institution={DTIC Document}
}

@incollection{thrun2008simultaneous,
	title={Simultaneous localization and mapping},
	author={Thrun, Sebastian and Leonard, John J},
	booktitle={Springer handbook of robotics},
	pages={871--889},
	year={2008},
	publisher={Springer}
}

@book{oaksford2007bayesian,
	title={Bayesian rationality: The probabilistic approach to human reasoning},
	author={Oaksford, Mike and Chater, Nick},
	year={2007},
	publisher={Oxford University Press}
}

@article{yuille2006vision,
	title={Vision as Bayesian inference: analysis by synthesis?},
	author={Yuille, Alan and Kersten, Daniel},
	journal={Trends in cognitive sciences},
	volume={10},
	number={7},
	pages={301--308},
	year={2006},
	publisher={Elsevier}
}

@article{kording2004bayesian,
	title={Bayesian integration in sensorimotor learning},
	author={K{\"o}rding, Konrad P and Wolpert, Daniel M},
	journal={Nature},
	volume={427},
	number={6971},
	pages={244--247},
	year={2004},
	publisher={Nature Publishing Group}
}

@article{cheng2007bayesian,
	title={Bayesian integration of spatial information.},
	author={Cheng, Ken and Shettleworth, Sara J and Huttenlocher, Janellen and Rieser, John J},
	journal={Psychological bulletin},
	volume={133},
	number={4},
	pages={625},
	year={2007},
	publisher={American Psychological Association}
}

@article{ernst2006bayesian,
	title={A Bayesian view on multimodal cue integration},
	author={Ernst, Marc O},
	journal={Human body perception from the inside out},
	pages={105--131},
	year={2006},
	publisher={Oxford University Press New York}
}

@article{chater2010bayesian,
	title={Bayesian models of cognition},
	author={Chater, Nick and Oaksford, Mike and Hahn, Ulrike and Heit, Evan},
	journal={Wiley Interdisciplinary Reviews: Cognitive Science},
	volume={1},
	number={6},
	pages={811--823},
	year={2010},
	publisher={Wiley Online Library}
}

@article{knill2004bayesian,
	title={The Bayesian brain: the role of uncertainty in neural coding and computation},
	author={Knill, David C and Pouget, Alexandre},
	journal={TRENDS in Neurosciences},
	volume={27},
	number={12},
	pages={712--719},
	year={2004},
	publisher={Elsevier}
}

@article{reid2012slime,
	title={Slime mold uses an externalized spatial “memory” to navigate in complex environments},
	author={Reid, Chris R and Latty, Tanya and Dussutour, Audrey and Beekman, Madeleine},
	journal={Proceedings of the National Academy of Sciences},
	volume={109},
	number={43},
	pages={17490--17494},
	year={2012},
	publisher={National Acad Sciences}
}



@Book{boyle,
  author = 	 "R. D. Boyle and R. C. Thomas",
  title = 	 "Computer Vision - A First Course",
  publisher = 	 "Blackwell Scientific Publications",
  year = 	 1988
}


@Book{companion,
  author = 	 "Michel Goosens and Frank Mittelbach and Alexander
                  Samarin",
  title = 	 "The {\LaTeX} Companion",
  publisher = 	 "Addison-Wesley",
  year = 	 1994
}

@Book{kopka-old,
  author = 	 "Helmut Kopka and Patrick W. Daly",
  title = 	 "A guide to {\LaTeX}",
  publisher = 	 "Addison-Wesley",
  year = 	 1993
}

@Book{kopka,
  author = 	 "Helmut Kopka and Patrick W. Daly",
  title = 	 "A guide to {\LaTeXe}",
  publisher = 	 "Addison-Wesley",
  edition =      {2nd},
  isbn =         "0-201-42777-X",
  year = 	 1995
}

@Book{lamport,
  author = 	 "Leslie Lamport",
  title = 	 "{\LaTeX} -- A document preparation system",
  edition = 	 {2nd},
  publisher = 	 "Addison-Wesley",
  year = 	 1994
}

@Book{occam,
  author = 	 "D.Pountain and D.May",
  title = 	 "A tutorial introduction to occam programming",
  publisher = 	 "Blackwell Scientific Publications",
  year = 	 1987
}

@Article{rd-only,
  author = 	 "William Dyke",
  title = 	 "The Nutter's guide to {\LaTeX}",
  journal =	 "Read Only",
  year =	 1994,
  number =	 7,
  month =	 "May"
}


@misc{url-cite,
   author = "{\LaTeX} Team",
   title="{URL}s in {BibTeX} bibliographies",
   howpublished = "\url{http://www.tex.ac.uk/cgi-bin/texfaq2html?label=citeURL}",
   year = 2012
}