@article{takahashi2009pathway,
	title={Pathway interactions and synaptic plasticity in the dendritic tuft regions of CA1 pyramidal neurons},
	author={Takahashi, Hiroto and Magee, Jeffrey C},
	journal={Neuron},
	volume={62},
	number={1},
	pages={102--111},
	year={2009},
	publisher={Elsevier}
}

@article{rossant2011sensitivity,
	title={Sensitivity of noisy neurons to coincident inputs},
	author={Rossant, Cyrille and Leijon, Sara and Magnusson, Anna K and Brette, Romain},
	journal={The Journal of Neuroscience},
	volume={31},
	number={47},
	pages={17193--17206},
	year={2011},
	publisher={Society for Neuroscience}
}

@article{hartigan1979algorithm,
	title={Algorithm AS 136: A k-means clustering algorithm},
	author={Hartigan, John A and Wong, Manchek A},
	journal={Applied Statistics},
	pages={100--108},
	year={1979},
	publisher={JSTOR}
}

@article{mullner2013fastcluster,
	title={fastcluster: Fast hierarchical, agglomerative clustering routines for R and Python},
	author={M{\"u}llner, Daniel},
	journal={Journal of Statistical Software},
	volume={53},
	number={9},
	pages={1--18},
	year={2013}
}

@article{ng2002spectral,
	title={On spectral clustering: Analysis and an algorithm},
	author={Ng, Andrew Y and Jordan, Michael I and Weiss, Yair and others},
	journal={Advances in Neural Information Processing Systems},
	volume={2},
	pages={849--856},
	year={2002},
	publisher={MIT; 1998}
}

@article{chen2015deep,
	title={Deep Transductive Semi-supervised Maximum Margin Clustering},
	author={Chen, Gang},
	journal={arXiv preprint arXiv:1501.06237},
	year={2015}
}

@article{golub1999molecular,
	title={Molecular classification of cancer: class discovery and class prediction by gene expression monitoring},
	author={Golub, Todd R and Slonim, Donna K and Tamayo, Pablo and Huard, Christine and Gaasenbeek, Michelle and Mesirov, Jill P and Coller, Hilary and Loh, Mignon L and Downing, James R and Caligiuri, Mark A and others},
	journal={Science},
	volume={286},
	number={5439},
	pages={531--537},
	year={1999},
	publisher={American Association for the Advancement of Science}
}

@article{wang2014semi,
	title={Semi-supervised consensus clustering for gene expression data analysis},
	author={Wang, Yunli and Pan, Youlian},
	journal={BioData Mining},
	volume={7},
	number={1},
	pages={1--13},
	year={2014},
	publisher={Springer}
}

@inproceedings{bostrom2007estimating,
	title={Estimating class probabilities in random forests},
	author={Bostr{\"o}m, Henrik},
	booktitle={Sixth International Conference on Machine Learning and Applications},
	pages={211--216},
	year={2007},
	organization={IEEE}
}

@article{breiman2001random,
	title={Random forests},
	author={Breiman, Leo},
	journal={Machine Learning},
	volume={45},
	number={1},
	pages={5--32},
	year={2001},
	publisher={Springer}
}

@inproceedings{ding2007adaptive,
	title={Adaptive dimension reduction using discriminant analysis and k-means clustering},
	author={Ding, Chris and Li, Tao},
	booktitle={Proceedings of the 24th International Conference on Machine Learning},
	pages={521--528},
	year={2007},
	organization={ACM}
}

@phdthesis{eaton2005clustering,
	title={Clustering with Propagated Constraints},
	author={Eaton, Eric Robert},
	year={2005},
	school={Citeseer}
}

@inproceedings{tang2007enhancing,
	title={Enhancing semi-supervised clustering: a feature projection perspective},
	author={Tang, Wei and Xiong, Hui and Zhong, Shi and Wu, Jie},
	booktitle={Proceedings of the 13th International Conference on Knowledge Discovery and Data Mining},
	pages={707--716},
	year={2007},
	organization={ACM}
}

@article{wang2014constraint,
	title={Constraint Neighborhood Projections for Semi-Supervised Clustering},
	author={Wang, Hongjun and Li, Tao and Li, Tianrui and Yang, Yan},
	journal={IEEE Transactions on Cybernetics},
	volume={44},
	number={5},
	pages={636--643},
	year={2014},
	publisher={IEEE}
}

@article{zhou2004learning,
	title={Learning with local and global consistency},
	author={Zhou, Dengyong and Bousquet, Olivier and Lal, Thomas Navin and Weston, Jason and Sch{\"o}lkopf, Bernhard},
	journal={Advances in neural information processing systems},
	volume={16},
	number={16},
	pages={321--328},
	year={2004}
}

@article{zeng2012semi,
	title={Semi-supervised maximum margin clustering with pairwise constraints},
	author={Zeng, Hong and Cheung, Yiu-ming},
	journal={IEEE Transactions on Knowledge and Data Engineering},
	volume={24},
	number={5},
	pages={926--939},
	year={2012},
	publisher={IEEE}
}

@inproceedings{hu2008maximum,
	title={Maximum margin clustering with pairwise constraints},
	author={Hu, Yang and Wang, Jingdong and Yu, Nenghai and Hua, Xian-Sheng},
	booktitle={Data Mining, 2008. ICDM'08. Eighth IEEE International Conference on},
	pages={253--262},
	year={2008},
	organization={IEEE}
}

@inproceedings{bilenko2004integrating,
	title={Integrating constraints and metric learning in semi-supervised clustering},
	author={Bilenko, Mikhail and Basu, Sugato and Mooney, Raymond J},
	booktitle={Proceedings of the twenty-first International Conference on Machine learning},
	pages={11},
	year={2004},
	organization={ACM}
}

@inproceedings{hoi2006learning,
	title={Learning distance metrics with contextual constraints for image retrieval},
	author={Hoi, Steven CH and Liu, Wei and Lyu, Michael R and Ma, Wei-Ying},
	booktitle={IEEE Computer Society Conference on Computer Vision and Pattern Recognition},
	volume={2},
	pages={2072--2078},
	year={2006},
	organization={IEEE}
}


@article{van2008visualizing,
	title={Visualizing data using t-SNE},
	author={Van der Maaten, Laurens and Hinton, Geoffrey},
	journal={Journal of Machine Learning Research},
	volume={9},
	number={2579-2605},
	pages={85},
	year={2008}
}

@article{jones1993lipschitzian,
	title={Lipschitzian optimization without the Lipschitz constant},
	author={Jones, Donald R and Perttunen, Cary D and Stuckman, Bruce E},
	journal={Journal of Optimization Theory and Applications},
	volume={79},
	number={1},
	pages={157--181},
	year={1993},
	publisher={Springer}
}

@article{gablonsky2001locally,
	title={A locally-biased form of the DIRECT algorithm},
	author={Gablonsky, Joerg M and Kelley, C Tim},
	journal={Journal of Global Optimization},
	volume={21},
	number={1},
	pages={27--37},
	year={2001},
	publisher={Springer}
}

@article{platt1999probabilistic,
	title={Probabilistic outputs for support vector machines and comparisons to regularized likelihood methods},
	author={Platt, John and others},
	journal={Advances in Large Margin Classifiers},
	volume={10},
	number={3},
	pages={61--74},
	year={1999},
	publisher={Cambridge, MA}
}

@article{loog2015contrastive,
	title={Contrastive Pessimistic Likelihood Estimation for Semi-Supervised Classification},
	author={Loog, Marco},
	journal={arXiv preprint arXiv:1503.00269},
	year={2015}
}

@book{rasmussen2005gp,
	author = {Rasmussen, Carl Edward and Williams, Christopher K. I.},
	title = {Gaussian Processes for Machine Learning},
	year = {2005},
	isbn = {026218253X},
	publisher = {The MIT Press},
} 

@inproceedings{rennie2003tackling,
	title={Tackling the poor assumptions of naive bayes text classifiers},
	author={Rennie, Jason D and Shih, Lawrence and Teevan, Jaime and Karger, David R and others},
	booktitle={ICML},
	volume={3},
	pages={616--623},
	year={2003},
	organization={Washington DC)}
}

@article{chapelle2006semi,
	title={Semi-supervised learning},
	author={Chapelle, Olivier and Sch{\"o}lkopf, Bernhard and Zien, Alexander and others},
	year={2006},
	publisher={MIT press Cambridge}
}

@article{ward1963hierarchical,
	title={Hierarchical grouping to optimize an objective function},
	author={Ward Jr, Joe H},
	journal={Journal of the American Statistical Association},
	volume={58},
	number={301},
	pages={236--244},
	year={1963},
	publisher={Taylor \& Francis}
}

@inproceedings{rasmussen1999infinite,
	title={The infinite Gaussian mixture model.},
	author={Rasmussen, Carl Edward},
	booktitle={NIPS},
	volume={12},
	pages={554--560},
	year={1999}
}

@article{baghshah2010kernel,
	title={Kernel-based metric learning for semi-supervised clustering},
	author={Baghshah, Mahdieh Soleymani and Shouraki, Saeed Bagheri},
	journal={Neurocomputing},
	volume={73},
	number={7},
	pages={1352--1361},
	year={2010},
	publisher={Elsevier}
}

@inproceedings{chitta2011approximate,
	title={Approximate kernel k-means: Solution to large scale kernel clustering},
	author={Chitta, Radha and Jin, Rong and Havens, Timothy C and Jain, Anil K},
	booktitle={Proceedings of the 17th International Conference on Knowledge Discovery and Data Mining},
	pages={895--903},
	year={2011},
	organization={ACM}
}

@article{zeng2012semi,
	title={Semi-supervised maximum margin clustering with pairwise constraints},
	author={Zeng, Hong and Cheung, Yiu-ming},
	journal={IEEE Transactions on Knowledge and Data Engineering},
	volume={24},
	number={5},
	pages={926--939},
	year={2012},
	publisher={IEEE}
}

@article{wang2007density,
	title={Density-Sensitive semi-supervised spectral clustering},
	author={Wang, Ling and Bo, Lie-Feng and Jiao, Li-Cheng},
	journal={Ruan Jian Xue Bao(Journal of Software)},
	volume={18},
	number={10},
	pages={2412--2422},
	year={2007}
}

@InProceedings{brin1995near,
	author =       "Sergey Brin",
	title =        "Near Neighbor Search in Large Metric Spaces",
	editor =       "Umeshwar Dayal and Peter M. D. Gray and Shojiro
	Nishio",
	booktitle =    "{VLDB} '95: proceedings of the 21st International
	Conference on Very Large Data Bases, Zurich,
	Switzerland, Sept. 11--15, 1995",
	publisher =    "Morgan Kaufmann Publishers",
	address =      "Los Altos, CA 94022, USA",
	year =         "1995",
	ISBN =         "1-55860-379-4",
	pages =        "574--584",
	year =         "1995",
	bibdate =      "Tue Oct 21 15:14:31 MDT 1997",
	acknowledgement = ack-nhfb,
	annote =       "Also known as VLDB 95",
	keywords =     "VLDB; very large data bases; large data bases",
}


@article{liu2014semi,
	title={Semi-supervised Linear Discriminant Clustering},
	author={Liu, Chien-Liang and Hsaio, Wen-Hoar and Lee, Chia-Hoang and Gou, Fu-Sheng},
	journal={IEEE Transactions on Cybernetics},
	volume={44},
	number={7},
	pages={989--1000},
	year={2014},
	publisher={IEEE}
}

@inproceedings{ong2005learning,
	title={Learning the kernel with hyperkernels},
	author={Ong, Cheng S and Williamson, Robert C and Smola, Alex J},
	booktitle={Journal of Machine Learning Research},
	pages={1043--1071},
	year={2005}
}

@inproceedings{weinberger2005distance,
	title={Distance metric learning for large margin nearest neighbor classification},
	author={Weinberger, Kilian Q and Blitzer, John and Saul, Lawrence K},
	booktitle={Advances in Neural Information Processing Systems},
	pages={1473--1480},
	year={2005}
}

@inproceedings{bellet2012similarity,
	title={Similarity Learning for Provably Accurate Sparse Linear Classiﬁcation},
	author={Xing, Eric P and Jordan, Michael I and Russell, Stuart and Ng, Andrew Y},
	booktitle={Proceedings of the 29th International Conference	on Machine Learning (ICML)},
	pages={1871--1878},
	year={2012}
}

@incollection{guillaumin2010multiple,
	title={Multiple instance metric learning from automatically labeled bags of faces},
	author={Guillaumin, Matthieu and Verbeek, Jakob and Schmid, Cordelia},
	booktitle={Computer Vision--ECCV 2010},
	pages={634--647},
	year={2010},
	publisher={Springer}
}

@article{kulis2012metric,
	title={Metric learning: A survey},
	author={Kulis, Brian},
	journal={Foundations and Trends in Machine Learning},
	volume={5},
	number={4},
	pages={287--364},
	year={2012}
}

@inproceedings{guillaumin2009you,
	title={Is that you? Metric learning approaches for face identification},
	author={Guillaumin, Matthieu and Verbeek, Jakob and Schmid, Cordelia},
	booktitle={Computer Vision, 2009 IEEE 12th International Conference on},
	pages={498--505},
	year={2009},
	organization={IEEE}
}

@book{gpml06,
	author = {Rasmussen, Carl E. and Williams, Christopher},
	booktitle = {Gaussian Processes for Machine Learning},
	citeulike-article-id = {4015194},
	citeulike-linkout-0 = {http://www.gaussianprocess.org/gpml/},
	keywords = {gaussianprocesses, gp, machinelearning},
	posted-at = {2009-02-06 10:28:12},
	priority = {2},
	publisher = {MIT Press},
	title = {{Gaussian Processes for Machine Learning}},
	url = {http://www.gaussianprocess.org/gpml/},
	year = {2006}
}

@incollection{kibriya2005multinomial,
	title={Multinomial naive bayes for text categorization revisited},
	author={Kibriya, Ashraf M and Frank, Eibe and Pfahringer, Bernhard and Holmes, Geoffrey},
	booktitle={AI 2004: Advances in Artificial Intelligence},
	pages={488--499},
	year={2005},
	publisher={Springer}
}

@article{bensmail1996regularized,
	title={Regularized Gaussian discriminant analysis through eigenvalue decomposition},
	author={Bensmail, Halima and Celeux, Gilles},
	journal={Journal of the American statistical Association},
	volume={91},
	number={436},
	pages={1743--1748},
	year={1996},
	publisher={Taylor \& Francis}
}

@article{xu2012distance,
	title={Distance metric learning for kernel machines},
	author={Xu, Zhixiang and Weinberger, Kilian Q and Chapelle, Olivier},
	journal={arXiv preprint arXiv:1208.3422},
	year={2012}
}

@article{yeung2007kernel,
	title={A kernel approach for semisupervised metric learning},
	author={Yeung, Dit-Yan and Chang, Hong},
	journal={IEEE Transactions on Neural Networks},
	volume={18},
	number={1},
	pages={141--149},
	year={2007},
	publisher={IEEE}
}

@article{bair2013semi,
	title={Semi-supervised clustering methods},
	author={Bair, Eric},
	journal={Wiley Interdisciplinary Reviews: Computational Statistics},
	volume={5},
	number={5},
	pages={349--361},
	year={2013},
	publisher={Wiley Online Library}
}

@inproceedings{xing2002distance,
	title={Distance metric learning with application to clustering with side-information},
	author={Xing, Eric P and Jordan, Michael I and Russell, Stuart and Ng, Andrew Y},
	booktitle={Advances in Neural Information Processing Systems},
	pages={505--512},
	year={2002}
}

@inproceedings{tang2007enhancing,
	title={Enhancing semi-supervised clustering: a feature projection perspective},
	author={Tang, Wei and Xiong, Hui and Zhong, Shi and Wu, Jie},
	booktitle={Proceedings of the 13th ACM SIGKDD international conference on Knowledge discovery and data mining},
	pages={707--716},
	year={2007},
	organization={ACM}
}

@inproceedings{basu2004probabilistic,
	title={A probabilistic framework for semi-supervised clustering},
	author={Basu, Sugato and Bilenko, Mikhail and Mooney, Raymond J},
	booktitle={Proceedings of the tenth ACM SIGKDD international conference on Knowledge discovery and data mining},
	pages={59--68},
	year={2004},
	organization={ACM}
}

@article{zeng2012semi,
	title={Semi-supervised maximum margin clustering with pairwise constraints},
	author={Zeng, Hong and Cheung, Yiu-ming},
	journal={IEEE Transactions on Knowledge and Data Engineering},
	volume={24},
	number={5},
	pages={926--939},
	year={2012},
	publisher={IEEE}
}

@article{wang2014constraint,
	title={Constraint Neighborhood Projections for Semi-Supervised Clustering},
	author={Wang, Hongjun and Li, Tao and Li, Tianrui and Yang, Yan},
	journal={IEEE Transactions on Cybernetics},
	volume={44},
	number={5},
	pages={636--643},
	year={2014},
	publisher={IEEE}
}

@article{chen2015deep,
	title={Deep Transductive Semi-supervised Maximum Margin Clustering},
	author={Chen, Gang},
	journal={arXiv preprint arXiv:1501.06237},
	year={2015}
}

@article{teh2006hierarchical,
	title={Hierarchical dirichlet processes},
	author={Teh, Yee Whye and Jordan, Michael I and Beal, Matthew J and Blei, David M},
	journal={Journal of the American Statistical Association},
	volume={101},
	number={476},
	year={2006}
}

@article{blei2010nested,
	title={The nested Chinese restaurant process and Bayesian nonparametric inference of topic hierarchies},
	author={Blei, David M and Griffiths, Thomas L and Jordan, Michael I},
	journal={Journal of the ACM},
	volume={57},
	number={2},
	pages={7},
	year={2010},
	publisher={ACM}
}

@article{ernst2002humans,
	title={Humans integrate visual and haptic information in a statistically optimal fashion},
	author={Ernst, Marc O and Banks, Martin S},
	journal={Nature},
	volume={415},
	number={6870},
	pages={429--433},
	year={2002},
	publisher={Nature Publishing Group}
}

@article{huxter2008theta,
	title={Theta phase--specific codes for two-dimensional position, trajectory and heading in the hippocampus},
	author={Huxter, John R and Senior, Timothy J and Allen, Kevin and Csicsvari, Jozsef},
	journal={Nature Neuroscience},
	volume={11},
	number={5},
	pages={587--594},
	year={2008},
	publisher={Nature Publishing Group}
}

@article{jarsky2005conditional,
	title={Conditional dendritic spike propagation following distal synaptic activation of hippocampal CA1 pyramidal neurons},
	author={Jarsky, Tim and Roxin, Alex and Kath, William L and Spruston, Nelson},
	journal={Nature Neuroscience},
	volume={8},
	number={12},
	pages={1667--1676},
	year={2005},
	publisher={Nature Publishing Group}
}

@article{hardcastle2015environmental,
	title={Environmental boundaries as an error correction mechanism for grid cells},
	author={Hardcastle, Kiah and Ganguli, Surya and Giocomo, Lisa M},
	journal={Neuron},
	volume={86},
	number={3},
	pages={827--839},
	year={2015},
	publisher={Elsevier}
}

@article{szilagyi1996physiological,
	title={Physiological properties of anatomically identified basket and bistratified cells in the CAl area of the rat hippocampus in vitro},
	author={Szilagyi, E and Halasy, Katalin and Somogyi, Peter},
	journal={Hippocampus},
	volume={6},
	pages={294--305},
	year={1996}
}

@article{johnston1981passive,
	title={Passive cable properties of hippocampal CA3 pyramidal neurons},
	author={Johnston, Daniel},
	journal={Cellular and Molecular Neurobiology},
	volume={1},
	number={1},
	pages={41--55},
	year={1981},
	publisher={Springer}
}

@article{zemankovics2010differences,
	title={Differences in subthreshold resonance of hippocampal pyramidal cells and interneurons: the role of h-current and passive membrane characteristics},
	author={Zemankovics, Rita and K{\'a}li, Szabolcs and Paulsen, Ole and Freund, Tam{\'a}s F and H{\'a}jos, Norbert},
	journal={The Journal of Physiology},
	volume={588},
	number={12},
	pages={2109--2132},
	year={2010},
	publisher={Wiley Online Library}
}

@article{parzen1962estimation,
	title={On estimation of a probability density function and mode},
	author={Parzen, Emanuel},
	journal={The Annals of Mathematical Statistics},
	pages={1065--1076},
	year={1962},
	publisher={JSTOR}
}

@article{lever2009boundary,
	title={Boundary vector cells in the subiculum of the hippocampal formation},
	author={Lever, Colin and Burton, Stephen and Jeewajee, Ali and O'Keefe, John and Burgess, Neil},
	journal={The Journal of Neuroscience},
	volume={29},
	number={31},
	pages={9771--9777},
	year={2009},
	publisher={Soc Neuroscience}
}

@article{etienne1996path,
	title={Path integration in mammals and its interaction with visual landmarks.},
	author={Etienne, Ariane S and Maurer, Roland and S{\'e}guinot, Val{\'e}rie},
	journal={The Journal of Experimental Biology},
	volume={199},
	number={1},
	pages={201--209},
	year={1996},
	publisher={The Company of Biologists Ltd}
}

@article{solstad2006grid,
	title={From grid cells to place cells: a mathematical model},
	author={Solstad, Trygve and Moser, Edvard I and Einevoll, Gaute T},
	journal={Hippocampus},
	volume={16},
	number={12},
	pages={1026--1031},
	year={2006},
	publisher={Wiley Online Library}
}

@article{hartley2000modeling,
	title={Modeling place fields in terms of the cortical inputs to the hippocampus},
	author={Hartley, Tom and Burgess, Neil and Lever, C and Cacucci, F and O'keefe, J},
	journal={Hippocampus},
	volume={10},
	number={4},
	pages={369--379},
	year={2000}
}

@article{park2011ensemble,
	title={Ensemble place codes in hippocampus: CA1, CA3, and dentate gyrus place cells have multiple place fields in large environments},
	author={Park, EunHye and Dvorak, Dino and Fenton, Andr{\'e} A},
	journal={PLoS One},
	volume={6},
	number={7},
	pages={e22349--e22349},
	year={2011},
	publisher={Public Library of Science}
}

@article{barry2006boundary,
	title={The boundary vector cell model of place cell firing and spatial memory},
	author={Barry, Caswell and Lever, Colin and Hayman, Robin and Hartley, Tom and Burton, Stephen and O'Keefe, John and Jeffery, Kate and Burgess, Neil},
	journal={Reviews in the Neurosciences},
	volume={17},
	number={1-2},
	pages={71},
	year={2006},
	publisher={Europe PMC Funders}
}

@article{Wiener2009,
author = {Wiener, J M and Ehbauer, N N and Mallot, H a},
doi = {10.1007/s00426-008-0181-3},
file = {:E:/Google Drive/PhD/papers/\_general/Wiener\_Ehbauer\_Mallot\_in\_press.pdf:pdf},
issn = {1430-2772},
journal = {Psychological Research},
keywords = {Adult,Female,Humans,Male,Memory,Mental Processes,Motivation,Problem Solving,Space Perception},
month = sep,
number = {5},
pages = {644--58},
pmid = {18998160},
title = {{Planning paths to multiple targets: memory involvement and planning heuristics in spatial problem solving.}},
url = {http://www.ncbi.nlm.nih.gov/pubmed/18998160},
volume = {73},
year = {2009}
}

@article{breiman2001random,
	title={Random forests},
	author={Breiman, Leo},
	journal={Machine Learning},
	volume={45},
	number={1},
	pages={5--32},
	year={2001},
	publisher={Springer}
}


@article{Brette2012,
author = {Brette, Romain},
doi = {10.1371/journal.pcbi.1002561},
file = {:F$\backslash$:/Google Drive/PhD/papers/Neur/Coincidence Detector/!!! Brette 2012 (temporal resolution of coincidence detection) Computing with Neural Synchrony.pdf:pdf},
issn = {1553-7358},
journal = {PLoS Computational Biology},
keywords = {Action Potentials,Action Potentials: physiology,Animals,Auditory Perception,Auditory Perception: physiology,Computational Biology,Computer Simulation,Humans,Models, Neurological,Nerve Net,Nerve Net: physiology,Neuronal Plasticity,Neuronal Plasticity: physiology,Perception,Perception: physiology,Smell,Smell: physiology,Visual Perception,Visual Perception: physiology},
month = jan,
number = {6},
pages = {e1002561},
pmid = {22719243},
title = {{Computing with neural synchrony.}},
url = {http://www.pubmedcentral.nih.gov/articlerender.fcgi?artid=3375225\&tool=pmcentrez\&rendertype=abstract},
volume = {8},
year = {2012}
}

@article{Jensen2000, title={Position reconstruction from an ensemble of hippocampal place cells: contribution of theta phase coding.}, volume={83}, url={http://www.ncbi.nlm.nih.gov/pubmed/10805660}, number={5}, journal={Journal of Neurophysiology}, publisher={Am Physiological Soc}, author={Jensen, O and Lisman, J E}, year={2000}, pages={2602--2609}}


@article{Busing2011, title={Neural dynamics as sampling: a model for stochastic computation in recurrent networks of spiking neurons}, volume={7}, url={http://eprints.pascal-network.org/archive/00009027/}, number={11}, journal={PLoS Computational Biology}, publisher={Public Library of Science}, author={B{\"u}sing, Lars and Bill, Johannes and Nessler, Bernhard and Maass, Wolfgang}, editor={Sporns, OlafEditor}, year={2011}, pages={e1002211}}
@article{Paulin2011,
author = {Paulin, Michael G. and Hoffman, Larry F.},
doi = {10.1109/ICNC.2011.6022088},
file = {:E:/Google Drive/PhD/papers/neuronal state estimation/Paulin \& Hoffmann 2011 Bayesian Head State Prediction.pdf:pdf},
isbn = {978-1-4244-9950-2},
journal = {2011 Seventh International Conference on Natural Computation},
keywords = {20 th century were,adaptive filter,bayesian,cerebellum,decades of the,dominated by adaptive array,filters and,in the last two,inference,kalman filter,models of vestibular reflexes,neural code,neural network,particle filter},
month = jul,
pages = {445--449},
publisher = {Ieee},
title = {{Bayesian head state prediction: Computing the dynamic prior with spiking neurons}},
url = {http://ieeexplore.ieee.org/lpdocs/epic03/wrapper.htm?arnumber=6022088},
year = {2011}
}
@article{Paulin2005, title={Evolution of the cerebellum as a neuronal machine for Bayesian state estimation.}, volume={2}, url={http://www.ncbi.nlm.nih.gov/pubmed/16135886}, number={3}, journal={Journal of Neural Engineering}, publisher={Institute of Physics Publishing}, author={Paulin, M G}, year={2005}, pages={S219--S234}}
@inbook{Hoyer2003, title={Interpreting neural response variability as Monte Carlo sampling of the posterior}, volume={15}, number={1}, booktitle={Advances in Neural Information Processing Systems 15}, publisher={MIT Press}, author={Hoyer, Patrik O and Hyv{\"a}rinen, Aapo}, editor={S Becker, S Thrun and Obermayer, KEditors}, year={2003}, pages={293}}


@book{Robert1999,
	author = {Robert, Christian P. and Casella, George},
	day = {13},
	edition = {1},
	howpublished = {Hardcover},
	isbn = {038798707X},
	keywords = {t-asl-02191-2008},
	month = aug,
	posted-at = {2009-01-05 13:58:12},
	priority = {2},
	publisher = {Springer-Verlag},
	title = {{Monte Carlo Statistical Methods}},
	url = {http://www.amazon.com/exec/obidos/redirect?tag=citeulike07-20\&path=ASIN/038798707X},
	year = {1999}
}

@article{Rossant2011,
	title={Sensitivity of noisy neurons to coincident inputs},
	author={Rossant, C. and Leijon, S. and Magnusson, A.K. and Brette, R.},
	journal={The Journal of Neuroscience},
	volume={31},
	number={47},
	pages={17193--17206},
	year={2011},
	publisher={Soc Neuroscience}
}

@article{liu1996metropolized,
	title={Metropolized independent sampling with comparisons to rejection sampling and importance sampling},
	author={Liu, Jun S},
	journal={Statistics and Computing},
	volume={6},
	number={2},
	pages={113--119},
	year={1996},
	publisher={Springer}
}

@phdthesis{Negenborn2003,
	title={Robot localization and Kalman filters},
	author={Negenborn, Rudy},
	year={2003},
	school={Utrecht University}
}

@article{bromiley2003products,
	title={Products and convolutions of Gaussian distributions},
	author={Bromiley, PA},
	journal={Medical School, Univ. Manchester, Manchester, UK, Tech. Rep},
	volume={3},
	pages={2003},
	year={2003}
}


@article{cohen2000hierarchical,
	title={Hierarchical models in cognition: Do they have psychological reality?},
	author={Cohen, Gillian},
	journal={European Journal of Cognitive Psychology},
	volume={12},
	number={1},
	pages={1--36},
	year={2000},
	publisher={Taylor \& Francis}
}

@article{gobet2001chunking,
	title={Chunking mechanisms in human learning},
	author={Gobet, Fernand and Lane, Peter CR and Croker, Steve and Cheng, Peter CH and Jones, Gary and Oliver, Iain and Pine, Julian M},
	journal={Trends in Cognitive Sciences},
	volume={5},
	number={6},
	pages={236--243},
	year={2001},
	publisher={Elsevier}
}

@incollection{griffiths2008bayesian,
	address = {Cambridge},
	author = {Griffiths, T. L. and Kemp, C. and Tenenbaum, J. B.},
	booktitle = {Cambridge Handbook of Computational Cognitive Modeling},
	editor = {Sun, Ron},
	pages = {59-100},
	publisher = {Cambridge University Press},
	title = {Bayesian models of cognition},
	year = 2008
}


@book{russell2009ai,
	author = {Russell, Stuart and Norvig, Peter},
	edition = {3},
	publisher = {Prentice Hall},
	title = {Artificial Intelligence: A Modern Approach (3rd Edition)},
	year = {2009}
}

@article{deshmukh2013,
	title={Influence of local objects on hippocampal representations: landmark vectors and memory},
	author={Deshmukh, Sachin S and Knierim, James J},
	journal={Hippocampus},
	volume={23},
	number={4},
	pages={253--267},
	year={2013},
	publisher={Wiley Online Library}
}

@article{teng1999,
	title={Memory for places learned long ago is intact after hippocampal damage},
	author={Teng, Edmond and Squire, Larry R},
	journal={Nature},
	volume={400},
	number={6745},
	pages={675--677},
	year={1999},
	publisher={Nature Publishing Group}
}

@article{rosenbaum2000,
	title={Remote spatial memory in an amnesic person with extensive bilateral hippocampal lesions},
	author={Rosenbaum, R Shayna and Priselac, Sandra and K{\"o}hler, Stefan and Black, Sandra E and Gao, Fuqiang and Nadel, Lynn and Moscovitch, Morris},
	journal={Nature Neuroscience},
	volume={3},
	number={10},
	pages={1044--1048},
	year={2000},
	publisher={Nature Publishing Group}
}

@article{rosenbaum2005,
	title={“Where to?” remote memory for spatial relations and landmark identity in former taxi drivers with Alzheimer's disease and encephalitis},
	author={Rosenbaum, R Shayna and Gao, Fuqiang and Richards, Brian and Black, Sandra E and Moscovitch, Morris},
	journal={Journal of Cognitive Neuroscience},
	volume={17},
	number={3},
	pages={446--462},
	year={2005},
	publisher={MIT Press}
}

@article{maguire2006,
	title={Navigation around London by a taxi driver with bilateral hippocampal lesions},
	author={Maguire, Eleanor A and Nannery, Rory and Spiers, Hugo J},
	journal={Brain},
	volume={129},
	number={11},
	pages={2894--2907},
	year={2006},
	publisher={Oxford Univ Press}
}

@inproceedings{rusu2007extending,
	title={Extending Player/Stage/Gazebo towards cognitive robots acting in ubiquitous sensor-equipped environments},
	author={Rusu, Radu Bogdan and Maldonado, Alexis and Beetz, Michael and Gerkey, Brian},
	booktitle={ICRA Workshop for Networked Robot Systems},
	year={2007}
}

@book{jaynes1996probability,
	title={Probability theory: the logic of science},
	author={Jaynes, Edwin T},
	year={1996},
	publisher={Washington University St. Louis, MO}
}

@article{drachman2005we,
	title={Do we have brain to spare?},
	author={Drachman, David A},
	journal={Neurology},
	volume={64},
	number={12},
	pages={2004--2005},
	year={2005},
	publisher={AAN Enterprises}
}

@article{tulving1998episodic,
	title={Episodic and declarative memory: role of the hippocampus},
	author={Tulving, Endel and Markowitsch, Hans J},
	journal={Hippocampus},
	volume={8},
	number={3},
	year={1998}
}

@article{skaggs1996theta,
	title={Theta Phase Precession in Hippocampal},
	author={Skaggs, William E and McNaughton, Bruce L},
	journal={Hippocampus},
	volume={6},
	pages={149--172},
	year={1996}
}

@article{colgin2008understanding,
	title={Understanding memory through hippocampal remapping},
	author={Colgin, Laura Lee and Moser, Edvard I and Moser, May-Britt},
	journal={Trends in Neurosciences},
	volume={31},
	number={9},
	pages={469--477},
	year={2008},
	publisher={Elsevier}
}

@article{kjelstrup2008finite,
	title={Finite scale of spatial representation in the hippocampus},
	author={Kjelstrup, Kirsten Brun and Solstad, Trygve and Brun, Vegard Heimly and Hafting, Torkel and Leutgeb, Stefan and Witter, Menno P and Moser, Edvard I and Moser, May-Britt},
	journal={Science},
	volume={321},
	number={5885},
	pages={140--143},
	year={2008},
	publisher={American Association for the Advancement of Science}
}

@inproceedings{yamins2013hierarchical,
	title={Hierarchical modular optimization of convolutional networks achieves representations similar to macaque IT and human ventral stream},
	author={Yamins, Daniel L and Hong, Ha and Cadieu, Charles and DiCarlo, James J},
	booktitle={Advances in Neural Information Processing Systems},
	pages={3093--3101},
	year={2013}
}

@article{khaligh2014deep,
	title={Deep Supervised, but Not Unsupervised, Models May Explain IT Cortical Representation.},
	author={Khaligh-Razavi, SM and Kriegeskorte, N},
	journal={PLoS Computational Biology},
	volume={10},
	number={11},
	pages={e1003915},
	year={2014},
	publisher={Public Library of Science}
}

@article{mueller2013pathfinding,
	title={Pathfinding in the cognitive map: Network models of mechanisms for search and planning},
	author={Mueller, Shane T and Perelman, Brandon S and Simpkins, Benjamin G},
	journal={Biologically Inspired Cognitive Architectures},
	volume={5},
	pages={94--111},
	year={2013},
	publisher={Elsevier}
}

@article{bush2015using,
	title={Using Grid Cells for Navigation},
	author={Bush, Daniel and Barry, Caswell and Manson, Daniel and Burgess, Neil},
	journal={Neuron},
	volume={87},
	number={3},
	pages={507--520},
	year={2015},
	publisher={Elsevier}
}

@article{moser2008place,
	title={Place cells, grid cells, and the brain's spatial representation system},
	author={Moser, Edvard I and Kropff, Emilio and Moser, May-Britt},
	journal={Annual Review of Neuroscience},
	volume={31},
	pages={69--89},
	year={2008},
	publisher={Annual Reviews}
}

@article{o1998place,
	title={Place cells, navigational accuracy, and the human hippocampus},
	author={O'Keefe, John and Burgess, Neil and Donnett, James G and Jeffery, Kathryn J and Maguire, Eleanor A},
	journal={Philosophical Transactions of the Royal Society of London B: Biological Sciences},
	volume={353},
	number={1373},
	pages={1333--1340},
	year={1998},
	publisher={The Royal Society}
}

@inproceedings{stork1989backpropagation,
	title={Is backpropagation biologically plausible?},
	author={Stork, David G},
	booktitle={Neural Networks, 1989. IJCNN., International Joint Conference on},
	pages={241--246},
	year={1989},
	organization={IEEE}
}

@article{szegedy2014going,
	title={Going deeper with convolutions},
	author={Szegedy, Christian and Liu, Wei and Jia, Yangqing and Sermanet, Pierre and Reed, Scott and Anguelov, Dragomir and Erhan, Dumitru and Vanhoucke, Vincent and Rabinovich, Andrew},
	journal={arXiv preprint arXiv:1409.4842},
	year={2014}
}
@article{brust2015convolutional,
	title={Convolutional patch networks with spatial prior for road detection and urban scene understanding},
	author={Brust, Clemens-Alexander and Sickert, Sven and Simon, Marcel and Rodner, Erik and Denzler, Joachim},
	journal={arXiv preprint arXiv:1502.06344},
	year={2015}
}

@article{franklin2012global,
	title={Global workspace theory, its LIDA model and the underlying neuroscience},
	author={Franklin, Stan and Strain, Steve and Snaider, Javier and McCall, Ryan and Faghihi, Usef},
	journal={Biologically Inspired Cognitive Architectures},
	volume={1},
	pages={32--43},
	year={2012},
	publisher={Elsevier}
}

@article{Shelton2004,
	author = {Shelton, Amy L and McNamara, Timothy P},
	issn = {0090-502X},
	journal = {Memory \& Cognition},
	keywords = {Female,Humans,Judgment,Male,Memory,Pattern Recognition, Visual,Space Perception,Visual Perception},
	month = apr,
	number = {3},
	pages = {416--26},
	pmid = {15285125},
	title = {{Spatial memory and perspective taking.}},
	url = {http://www.ncbi.nlm.nih.gov/pubmed/15285125},
	volume = {32},
	year = {2004}
}

@article{shelton2001systems,
	title={Systems of Spatial Reference in Human Memory},
	author={Shelton, Amy L and McNamara, Timothy P},
	journal={Cognitive Psychology},
	volume={43},
	pages={274--310},
	year={2001},
	publisher={Elsevier}
}

@article{cheng2008whither,
	title={Whither geometry? Troubles of the geometric module},
	author={Cheng, Ken},
	journal={Trends in Cognitive Sciences},
	volume={12},
	number={9},
	pages={355--361},
	year={2008},
	publisher={Elsevier}
}

@article{huttenlocher1999spatial,
	title={Spatial scaling in young children},
	author={Huttenlocher, Janellen and Newcombe, Nora and Vasilyeva, Marina},
	journal={Psychological Science},
	volume={10},
	number={5},
	pages={393--398},
	year={1999},
	publisher={SAGE Publications}
}

@article{cheng1986purely,
	title={A purely geometric module in the rat's spatial representation},
	author={Cheng, Ken},
	journal={Cognition},
	volume={23},
	number={2},
	pages={149--178},
	year={1986},
	publisher={Elsevier}
}

@article{cheng201325,
	title={25 years of research on the use of geometry in spatial reorientation: a current theoretical perspective},
	author={Cheng, Ken and Huttenlocher, Janellen and Newcombe, Nora S},
	journal={Psychonomic Bulletin \& Review},
	volume={20},
	number={6},
	pages={1033--1054},
	year={2013},
	publisher={Springer}
}

@article{doeller2008distinct,
	title={Distinct error-correcting and incidental learning of location relative to landmarks and boundaries},
	author={Doeller, Christian F and Burgess, Neil},
	journal={Proceedings of the National Academy of Sciences},
	volume={105},
	number={15},
	pages={5909--5914},
	year={2008},
	publisher={National Academy of Sciences}
}

@article{spetch1995overshadowing,
	title={Overshadowing in landmark learning: touch-screen studies with pigeons and humans.},
	author={Spetch, Marcia L},
	journal={Journal of Experimental Psychology: Animal Behavior Processes},
	volume={21},
	number={2},
	pages={166},
	year={1995},
	publisher={American Psychological Association}
}

@article{chamizo2003acquisition,
	title={Acquisition of knowledge about spatial location: Assessing the generality of the mechanism of learning},
	author={Chamizo, VD},
	journal={The Quarterly Journal of Experimental Psychology: Section B},
	volume={56},
	number={1},
	pages={102--113},
	year={2003},
	publisher={Taylor \& Francis}
}

@article{prados2011blocking,
	title={Blocking and overshadowing in human geometry learning.},
	author={Prados, Jose},
	journal={Journal of Experimental Psychology: Animal Behavior Processes},
	volume={37},
	number={1},
	pages={121},
	year={2011},
	publisher={American Psychological Association}
}

@article{burgess2006spatial,
	title={Spatial memory: how egocentric and allocentric combine},
	author={Burgess, Neil},
	journal={Trends in Cognitive Sciences},
	volume={10},
	number={12},
	pages={551--557},
	year={2006},
	publisher={Elsevier}
}

@article{lew2011looking,
	title={Looking beyond the boundaries: time to put landmarks back on the cognitive map?},
	author={Lew, Adina R},
	journal={Psychological Bulletin},
	volume={137},
	number={3},
	pages={484},
	year={2011},
	publisher={American Psychological Association}
}

@article{kovacs1999late,
	title={Late maturation of visual spatial integration in humans},
	author={Kovacs, Ilona and Kozma, Petra and Feher, Akos and Benedek, Gy{\"o}rgy},
	journal={Proceedings of the National Academy of Sciences},
	volume={96},
	number={21},
	pages={12204--12209},
	year={1999},
	publisher={National Acad Sciences}
}

@article{rovine1989sketch,
	title={Sketch-map variables as predictors of way-finding performance},
	author={Rovine, Michael J and Weisman, Gerald D},
	journal={Journal of Environmental Psychology},
	volume={9},
	number={3},
	pages={217--232},
	year={1989},
	publisher={Elsevier}
}

@article{wang2009accuracy,
	title={The accuracy of sketched spatial relations: How cognitive errors affect sketch representation},
	author={Wang, Jia and Schwering, Angela},
	journal={Presenting Spatial Information: Granularity, Relevance, and Integration},
	pages={40},
	year={2009}
}

@phdthesis{wang2015,
	title={Motion segmentation based robust RGB-D SLAM},
	author={Wang, Youbing},
	year={2015},
	school={University of Technology Sydney}
}

@article{tversky1992distortions,
	title={Distortions in Cognitive Maps},
	author={Tversky, Barbara},
	journal={Geoforum},
	pages={131--138},
	year={1992},
	publisher={Pergamon Press Ltd.}
}

@incollection{tversky2003navigating,
	title={Navigating by mind and by body},
	author={Tversky, Barbara},
	booktitle={Spatial Cognition III},
	pages={1--10},
	year={2003},
	publisher={Springer}
}

@article{wolbers2010determines,
	title={What determines our navigational abilities?},
	author={Wolbers, Thomas and Hegarty, Mary},
	journal={Trends in Cognitive Sciences},
	volume={14},
	number={3},
	pages={138--146},
	year={2010},
	publisher={Elsevier}
}

@article{simon1955behavioral,
	title={A behavioral model of rational choice},
	author={Simon, Herbert A},
	journal={The Quarterly Journal of Economics},
	pages={99--118},
	year={1955},
	publisher={JSTOR}
}

@article{van2008tractable,
	title={The tractable cognition thesis},
	author={Van Rooij, Iris},
	journal={Cognitive Science},
	volume={32},
	number={6},
	pages={939--984},
	year={2008},
	publisher={Wiley Online Library}
}

@article{platt1999probabilistic,
	title={Probabilistic outputs for support vector machines and comparisons to regularized likelihood methods},
	author={Platt, John and others},
	journal={Advances in Large Margin Classifiers},
	volume={10},
	number={3},
	pages={61--74},
	year={1999},
	publisher={Cambridge, MA}
}

@book{bishop2006pattern,
	author = {Bishop, Christopher M.},
	title = {Pattern Recognition and Machine Learning (Information Science and Statistics)},
	year = {2006},
	isbn = {0387310738},
	publisher = {Springer-Verlag New York, Inc.},
	address = {Secaucus, NJ, USA},
} 

@inproceedings{shi2009neural,
	title={Neural implementation of hierarchical Bayesian inference by importance sampling},
	author={Shi, Lei and Griffiths, Thomas L},
	booktitle={Advances in Neural Information Processing Systems},
	pages={1669--1677},
	year={2009}
}

@article{gershman2012tutorial,
	title={A tutorial on Bayesian nonparametric models},
	author={Gershman, Samuel J and Blei, David M},
	journal={Journal of Mathematical Psychology},
	volume={56},
	number={1},
	pages={1--12},
	year={2012},
	publisher={Elsevier}
}

@inproceedings{ong2005learning,
	title={Learning the kernel with hyperkernels},
	author={Ong, Cheng S and Williamson, Robert C and Smola, Alex J},
	booktitle={Journal of Machine Learning Research},
	pages={1043--1071},
	year={2005}
}

@inproceedings{xing2002distance,
	title={Distance metric learning with application to clustering with side-information},
	author={Xing, Eric P and Jordan, Michael I and Russell, Stuart and Ng, Andrew Y},
	booktitle={Advances in Neural Information Processing Systems},
	pages={505--512},
	year={2002}
}


@inproceedings{chitta2011approximate,
	title={Approximate kernel k-means: Solution to large scale kernel clustering},
	author={Chitta, Radha and Jin, Rong and Havens, Timothy C and Jain, Anil K},
	booktitle={Proceedings of the 17th International Conference on Knowledge Discovery and Data Mining},
	pages={895--903},
	year={2011},
	organization={ACM}
}

@article{baghshah2010kernel,
	title={Kernel-based metric learning for semi-supervised clustering},
	author={Baghshah, Mahdieh Soleymani and Shouraki, Saeed Bagheri},
	journal={Neurocomputing},
	volume={73},
	number={7},
	pages={1352--1361},
	year={2010},
	publisher={Elsevier}
}

@article{bensmail1996regularized,
	title={Regularized Gaussian discriminant analysis through eigenvalue decomposition},
	author={Bensmail, Halima and Celeux, Gilles},
	journal={Journal of the American Statistical Association},
	volume={91},
	number={436},
	pages={1743--1748},
	year={1996},
	publisher={Taylor \& Francis}
}

@book{borg2005modern,
	title={Modern multidimensional scaling: Theory and applications},
	author={Borg, Ingwer and Groenen, Patrick JF},
	year={2005},
	publisher={Springer Science \& Business Media}
}


@inproceedings{rasmussen1999infinite,
	title={The infinite Gaussian mixture model.},
	author={Rasmussen, Carl Edward},
	booktitle={Advances in Neural Information Processing Systems},
	volume={12},
	pages={554--560},
	year={1999}
}

@inproceedings{hughes2013memoized,
	title={Memoized online variational inference for Dirichlet process mixture models},
	author={Hughes, Michael C and Sudderth, Erik},
	booktitle={Advances in Neural Information Processing Systems},
	pages={1133--1141},
	year={2013}
}

@article{neal2000markov,
	title={Markov chain sampling methods for Dirichlet process mixture models},
	author={Neal, Radford M},
	journal={Journal of Computational and Graphical Statistics},
	volume={9},
	number={2},
	pages={249--265},
	year={2000},
	publisher={Taylor \& Francis Group}
}

@article{blei2006variational,
	title={Variational inference for Dirichlet process mixtures},
	author={Blei, David M and Jordan, Michael I and others},
	journal={Bayesian Analysis},
	volume={1},
	number={1},
	pages={121--143},
	year={2006},
	publisher={International Society for Bayesian Analysis}
}

@article{gibson2013human,
	title={Human Semi-Supervised Learning},
	author={Gibson, Bryan R and Rogers, Timothy T and Zhu, Xiaojin},
	journal={Topics in Cognitive Science},
	volume={5},
	number={1},
	pages={132--172},
	year={2013},
	publisher={Wiley Online Library}
}

@inproceedings{canini2010modeling,
	title={Modeling Transfer Learning in Human Categorization with the Hierarchical Dirichlet Process.},
	author={Canini, Kevin Robert and Shashkov, Mikhail M and Griffiths, Thomas L},
	booktitle={International Conference on Machine Learning},
	pages={151--158},
	year={2010}
}


@article{tenenbaum2011grow,
	title={How to grow a mind: Statistics, structure, and abstraction},
	author={Tenenbaum, Joshua B and Kemp, Charles and Griffiths, Thomas L and Goodman, Noah D},
	journal={Science},
	volume={331},
	number={6022},
	pages={1279--1285},
	year={2011},
	publisher={American Association for the Advancement of Science}
}

@inproceedings{olson2006fast,
	title={Fast iterative alignment of pose graphs with poor initial estimates},
	author={Olson, Edwin and Leonard, John and Teller, Seth},
	booktitle={Proceedings 2006 IEEE International Conference on Robotics and Automation},
	pages={2262--2269},
	year={2006},
	organization={IEEE}
}


@article{bengio2015objective,
	title={An objective function for STDP},
	author={Bengio, Yoshua and Lee, Dong-Hyun and Bornschein, Jorg and Lin, Zhouhan},
	journal={arXiv preprint arXiv:1502.04156},
	year={2015}
}

@article{bengio2015towards,
	title={Towards Biologically Plausible Deep Learning},
	author={Bengio, Yoshua and Lee, Dong-Hyun and Bornschein, Jorg and Lin, Zhouhan},
	journal={arXiv preprint arXiv:1502.04156},
	year={2015}
}

@article{carr2011hippocampal,
	title={Hippocampal replay in the awake state: a potential substrate for memory consolidation and retrieval},
	author={Carr, Margaret F and Jadhav, Shantanu P and Frank, Loren M},
	journal={Nature Neuroscience},
	volume={14},
	number={2},
	pages={147--153},
	year={2011},
	publisher={Nature Publishing Group}
}

@article{williams2009comparison,
	title={A comparison of loop closing techniques in monocular SLAM},
	author={Williams, Brian and Cummins, Mark and Neira, Jos{\'e} and Newman, Paul and Reid, Ian and Tard{\'o}s, Juan},
	journal={Robotics and Autonomous Systems},
	volume={57},
	number={12},
	pages={1188--1197},
	year={2009},
	publisher={Elsevier}
}

@article{doucet2000sequential,
	title={On sequential Monte Carlo sampling methods for Bayesian filtering},
	author={Doucet, Arnaud and Godsill, Simon and Andrieu, Christophe},
	journal={Statistics and Computing},
	volume={10},
	number={3},
	pages={197--208},
	year={2000},
	publisher={Springer}
}

@book{montemerlo2007fastslam,
	author = {Montemerlo, Michael and Thrun, Sebastian},
	title = {FastSLAM: A Scalable Method for the Simultaneous Localization and Mapping Problem in Robotics (Springer Tracts in Advanced Robotics)},
	year = {2007},
	isbn = {3540463992},
	publisher = {Springer-Verlag New York, Inc.},
	address = {Secaucus, NJ, USA},
}

@MISC{wu2004properties,
	author = {Jianxin Wu},
	title = {Some Properties of the Gaussian Distribution},
	year = {2004},
	publisher = {Georgia Institute of Technology}
}


@article{sun2008introduction,
	title={Introduction to computational cognitive modeling},
	author={Sun, Ron},
	journal={Cambridge Handbook of Computational Psychology},
	pages={3--19},
	year={2008}
}

@inproceedings{tuna2012evaluations,
	title={Evaluations of different simultaneous localization and mapping (SLAM) algorithms},
	author={Tuna, Gurkan and Gulez, Kayhan and Gungor, V Cagri and Mumcu, T Veli},
	booktitle={38th Annual Conference on IEEE Industrial Electronics Society},
	pages={2693--2698},
	year={2012},
	organization={IEEE}
}

@article{durrant2006simultaneous,
	title={Simultaneous localization and mapping: part I},
	author={Durrant-Whyte, Hugh and Bailey, Tim},
	journal={Robotics \& Automation Magazine, IEEE},
	volume={13},
	number={2},
	pages={99--110},
	year={2006},
	publisher={IEEE}
}

@article{bailey2006simultaneous,
	title={Simultaneous localization and mapping (SLAM): Part II},
	author={Bailey, Tim and Durrant-Whyte, Hugh},
	journal={IEEE Robotics \& Automation Magazine},
	volume={13},
	number={3},
	pages={108--117},
	year={2006}
}

@book{thrun2005probabilistic,
	author = {Thrun, Sebastian and Burgard, Wolfram and Fox, Dieter},
	title = {Probabilistic Robotics (Intelligent Robotics and Autonomous Agents)},
	year = {2005},
	isbn = {0262201623},
	publisher = {The MIT Press},
} 

@incollection{thrun2008simultaneous,
	title={Simultaneous localization and mapping},
	author={Thrun, Sebastian and Leonard, John J},
	booktitle={Springer Handbook of Robotics},
	pages={871--889},
	year={2008},
	publisher={Springer}
}

@article{ghahramani2015probabilistic,
	title={Probabilistic machine learning and artificial intelligence},
	author={Ghahramani, Zoubin},
	journal={Nature},
	volume={521},
	number={7553},
	pages={452--459},
	year={2015},
	publisher={Nature Publishing Group}
}

@phdthesis{Odobescu2010,
	title={Exteroceptive and interoceptive cue control of hippocampal place cells},
	author={Odobescu, R.I.},
	year={2010},
	school={UCL (University College London)}
}

@article{okeefe1996geometric, title={Geometric determinants of the place fields of hippocampal neurons.}, volume={381}, url={http://discovery.ucl.ac.uk/95526/}, number={6581}, journal={Nature}, author={O'Keefe, J and Burgess, N}, year={1996}, pages={425--428}}

@article {burke2011influence,
	author = {Burke, Sara N. and Maurer, Andrew P. and Nematollahi, Saman and Uprety, Ajay R. and Wallace, Jenelle L. and Barnes, Carol A.},
	title = {The influence of objects on place field expression and size in distal hippocampal {CA1}},
	journal = {Hippocampus},
	volume = {21},
	number = {7},
	publisher = {Wiley Subscription Services, Inc., A Wiley Company},
	issn = {1098-1063},
	url = {http://dx.doi.org/10.1002/hipo.20929},
	doi = {10.1002/hipo.20929},
	pages = {783--801},
	keywords = {aging, entorhinal cortex, perirhinal cortex, place fields, plasticity, rat},
	year = {2011},
}

@article{ekstrom2003cellular,
	title={Cellular networks underlying human spatial navigation},
	author={Ekstrom, Arne D and Kahana, Michael J and Caplan, Jeremy B and Fields, Tony A and Isham, Eve A and Newman, Ehren L and Fried, Itzhak},
	journal={Nature},
	volume={425},
	number={6954},
	pages={184--188},
	year={2003},
	publisher={Nature Publishing Group}
}

@inproceedings{madl2013spatial,
	title={Spatial working memory in the LIDA cognitive architecture},
	author={Madl, Tamas and Franklin, Stan and Chen, Ke and Trappl, Robert},
	booktitle={Proceedings of the International Conference on Cognitive Modelling},
	pages={384--389}
	year={2013}
}

@article{derdikman2010manifold,
	title={A manifold of spatial maps in the brain},
	author={Derdikman, Dori and Moser, Edvard I},
	journal={Trends in Cognitive Sciences},
	volume={14},
	number={12},
	pages={561--569},
	year={2010},
	publisher={Elsevier}
}

@article{carr2011hippocampal,
	title={Hippocampal replay in the awake state: a potential substrate for memory consolidation and retrieval},
	author={Carr, Margaret F and Jadhav, Shantanu P and Frank, Loren M},
	journal={Nature Neuroscience},
	volume={14},
	number={2},
	pages={147--153},
	year={2011},
	publisher={Nature Publishing Group}
}

@article{mehta2000experience,
	title={Experience-dependent asymmetric shape of hippocampal receptive fields},
	author={Mehta, Mayank R and Quirk, Michael C and Wilson, Matthew A},
	journal={Neuron},
	volume={25},
	number={3},
	pages={707--715},
	year={2000},
	publisher={Elsevier}
}

@article{friston2006free,
	title={A free energy principle for the brain},
	author={Friston, Karl and Kilner, James and Harrison, Lee},
	journal={Journal of Physiology-Paris},
	volume={100},
	number={1},
	pages={70--87},
	year={2006},
	publisher={Elsevier}
}

@article{madl2014bayesian,
	author = {Madl, Tamas AND Franklin, Stan AND Chen, Ke AND Montaldi, Daniela AND Trappl, Robert},
	journal = {PLoS ONE},
	publisher = {Public Library of Science},
	title = {Bayesian Integration of Information in Hippocampal Place Cells},
	year = {2014},
	month = {03},
	pages = {e89762},
	number = {3},
	doi = {10.1371/journal.pone.0089762}
}


@article{madl2015computational,
	title={Computational cognitive models of spatial memory in navigation space: A review},
	author={Madl, Tamas and Chen, Ke and Montaldi, Daniela and Trappl, Robert},
	journal={Neural Networks},
	volume={65},
	pages={18--43},
	year={2015},
	publisher={Elsevier}
}

@article{madlexploring,
	title={Exploring the structure of spatial representations},
	author={Madl, Tamas AND Franklin, Stan AND Chen, Ke AND Trappl, Robert AND Montaldi, Daniela},
	journal={Cognitive Processing},
	year={submitted},
	publisher={Springer}
}

@article{madltowards,
	title={Towards real-world capable spatial memory in the LIDA cognitive architecture},
	author={Madl, Tamas AND Franklin, Stan AND Chen, Ke AND Montaldi, Daniela AND Trappl, Robert},
	journal={Biologically Inspired Cognitive Architectures},
	year={submitted},
	publisher={Elsevier}
}


@inproceedings{zheng2011person,
	title={Person re-identification by probabilistic relative distance comparison},
	author={Zheng, Wei-Shi and Gong, Shaogang and Xiang, Tao},
	booktitle={2011 IEEE Conference on Computer Vision and Pattern Recognition},
	pages={649--656},
	year={2011},
	organization={IEEE}
}

@article{burgess2014nobel,
	title={The 2014 nobel prize in physiology or medicine: A spatial model for cognitive neuroscience},
	author={Burgess, Neil},
	journal={Neuron},
	volume={84},
	number={6},
	pages={1120--1125},
	year={2014},
	publisher={Elsevier}
}

@article{sanborn2015types,
	title = "Types of approximation for probabilistic cognition: Sampling and variational ",
	journal = "Brain and Cognition ",
	year = "2015",
	issn = "0278-2626",
	doi = "http://dx.doi.org/10.1016/j.bandc.2015.06.008",
	url = "http://www.sciencedirect.com/science/article/pii/S0278262615300038",
	author = "Adam N. Sanborn",
}

@article{shi2010exemplar,
	title={Exemplar models as a mechanism for performing Bayesian inference},
	author={Shi, Lei and Griffiths, Thomas L and Feldman, Naomi H and Sanborn, Adam N},
	journal={Psychonomic Bulletin \& Review},
	volume={17},
	number={4},
	pages={443--464},
	year={2010},
	publisher={Springer}
}

@article{franklin2013lida, 
	author={Franklin, S. and Madl, T. and D'Mello, S. and Snaider, J.}, 
	journal={IEEE Transactions on Autonomous Mental Development}, 
	title={LIDA: A Systems-level Architecture for Cognition, Emotion, and Learning}, 
	year={2014}, 
	volume={6}, 
	number={1}, 
	pages={19-41}, 
	keywords={Brain modeling;Cognition;Cognitive science;Computational modeling;Computer architecture;Neuroscience;Psychology;Action selection;Action-perception cycle;Affordance;Agent architecture;Attention;Autonomous agent;Cognitive architecture;Cognitive cycle;Cognitive model;Computational model;Emotions;Episodic learning;LIDA;Neural correlates;Perceptual learning;Procedural learning},
	doi={10.1109/TAMD.2013.2277589}, 
	ISSN={1943-0604},}

@article{leutgeb2005independent,
	title={Independent codes for spatial and episodic memory in hippocampal neuronal ensembles},
	author={Leutgeb, Stefan and Leutgeb, Jill K and Barnes, Carol A and Moser, Edvard I and McNaughton, Bruce L and Moser, May-Britt},
	journal={Science},
	volume={309},
	number={5734},
	pages={619--623},
	year={2005},
	publisher={American Association for the Advancement of Science}
}

@article{pouget2013probabilistic,
	title={Probabilistic brains: knowns and unknowns},
	author={Pouget, Alexandre and Beck, Jeffrey M and Ma, Wei Ji and Latham, Peter E},
	journal={Nature Neuroscience},
	volume={16},
	number={9},
	pages={1170--1178},
	year={2013},
	publisher={Nature Publishing Group}
}

@article{vilares2011bayesian,
	title={Bayesian models: the structure of the world, uncertainty, behavior, and the brain},
	author={Vilares, Iris and Kording, Konrad},
	journal={Annals of the New York Academy of Sciences},
	volume={1224},
	number={1},
	pages={22--39},
	year={2011},
	publisher={Wiley Online Library}
}

@article{barbieri2001construction,
	title={Construction and analysis of non-Poisson stimulus-response models of neural spiking activity},
	author={Barbieri, Riccardo and Quirk, Michael C and Frank, Loren M and Wilson, Matthew A and Brown, Emery N},
	journal={Journal of Neuroscience Methods},
	volume={105},
	number={1},
	pages={25--37},
	year={2001},
	publisher={Elsevier}
}

@article{fenton1998place,
	title={Place cell discharge is extremely variable during individual passes of the rat through the firing field},
	author={Fenton, Andr{\'e} A and Muller, Robert U},
	journal={Proceedings of the National Academy of Sciences},
	volume={95},
	number={6},
	pages={3182--3187},
	year={1998},
	publisher={National Acad Sciences}
}

@article{koechlin1999bayesian,
	title={Bayesian inference in populations of cortical neurons: a model of motion integration and segmentation in area MT},
	author={Koechlin, Etienne and Anton, Jean Luc and Burnod, Yves},
	journal={Biological Cybernetics},
	volume={80},
	number={1},
	pages={25--44},
	year={1999},
	publisher={Springer}
}

@article{barber2003neural,
	title={Neural representation of probabilistic information},
	author={Barber, Michael J and Clark, Joseph and Anderson, Charles H},
	journal={Neural Computation},
	volume={15},
	number={8},
	pages={1843--1864},
	year={2003},
	publisher={MIT Press}
}

@book{eliasmith2004neural,
	title={Neural engineering: Computation, representation, and dynamics in neurobiological systems},
	author={Eliasmith, Chris and Anderson, Charles H},
	year={2004},
	publisher={MIT Press}
}

@article{maurer2005self,
	title={Self-motion and the origin of differential spatial scaling along the septo-temporal axis of the hippocampus},
	author={Maurer, Andrew P and VanRhoads, Shea R and Sutherland, Gary R and Lipa, Peter and McNaughton, Bruce L},
	journal={Hippocampus},
	volume={15},
	number={7},
	pages={841--852},
	year={2005},
	publisher={Wiley Online Library}
}

@article{allen2012hippocampal,
	title={Hippocampal place cells can encode multiple trial-dependent features through rate remapping},
	author={Allen, Kevin and Rawlins, J Nick P and Bannerman, David M and Csicsvari, Jozsef},
	journal={The Journal of Neuroscience},
	volume={32},
	number={42},
	pages={14752--14766},
	year={2012},
	publisher={Society for Neuroscience}
}

@article{ferbinteanu2003prospective,
	title={Prospective and retrospective memory coding in the hippocampus},
	author={Ferbinteanu, Janina and Shapiro, Matthew L},
	journal={Neuron},
	volume={40},
	number={6},
	pages={1227--1239},
	year={2003},
	publisher={Elsevier}
}

@article{pouget2013probabilistic,
	title={Probabilistic brains: knowns and unknowns},
	author={Pouget, Alexandre and Beck, Jeffrey M and Ma, Wei Ji and Latham, Peter E},
	journal={Nature Neuroscience},
	volume={16},
	number={9},
	pages={1170--1178},
	year={2013},
	publisher={Nature Publishing Group}
}

@article{friston2011action,
	title={Action understanding and active inference},
	author={Friston, Karl and Mattout, J{\'e}r{\'e}mie and Kilner, James},
	journal={Biological Cybernetics},
	volume={104},
	number={1-2},
	pages={137--160},
	year={2011},
	publisher={Springer}
}

@article{fiser2010statistically,
	title={Statistically optimal perception and learning: from behavior to neural representations},
	author={Fiser, J{\'o}zsef and Berkes, Pietro and Orb{\'a}n, Gerg{\H{o}} and Lengyel, M{\'a}t{\'e}},
	journal={Trends in Cognitive Sciences},
	volume={14},
	number={3},
	pages={119--130},
	year={2010},
	publisher={Elsevier}
}

@article{ma2006bayesian,
	title={Bayesian inference with probabilistic population codes},
	author={Ma, Wei Ji and Beck, Jeffrey M and Latham, Peter E and Pouget, Alexandre},
	journal={Nature Neuroscience},
	volume={9},
	number={11},
	pages={1432--1438},
	year={2006},
	publisher={Nature Publishing Group}
}

@article{deneve2007optimal,
	title={Optimal sensorimotor integration in recurrent cortical networks: a neural implementation of Kalman filters},
	author={Deneve, Sophie and Duhamel, Jean-Ren{\'e} and Pouget, Alexandre},
	journal={The Journal of Neuroscience},
	volume={27},
	number={21},
	pages={5744--5756},
	year={2007},
	publisher={Society for Neuroscience}
}

@article{cheung2012maintaining,
	title={Maintaining a cognitive map in darkness: the need to fuse boundary knowledge with path integration},
	author={Cheung, Allen and Ball, David and Milford, Michael and Wyeth, Gordon and Wiles, Janet},
	journal={PLoS Computational Biology},
	volume={8},
	pages={e1002651},
	year={2012}
}

@inproceedings{fox2010hippocampus,
	title={Hippocampus as unitary coherent particle filter},
	author={Fox, Charles and Prescott, Tony},
	booktitle={The 2010 International Joint Conference on Neural Networks},
	pages={1--8},
	year={2010},
	organization={IEEE}
}

@article{macneilage2008computational,
	title={Computational approaches to spatial orientation: from transfer functions to dynamic Bayesian inference},
	author={MacNeilage, Paul R and Ganesan, Narayan and Angelaki, Dora E},
	journal={Journal of Neurophysiology},
	volume={100},
	number={6},
	pages={2981--2996},
	year={2008},
	publisher={Am Physiological Soc}
}

@article{penny2013forward,
	title={Forward and Backward Inference in Spatial Cognition},
	author={Penny, WD and Zeidman, P and Burgess, N},
	journal={PLoS Computational Biology},
	volume={9},
	number={12},
	pages={e1003383},
	year={2013},
	publisher={Citeseer}
}

@article{kalman1960new,
	title={A new approach to linear filtering and prediction problems},
	author={Kalman, Rudolph Emil},
	journal={Journal of Fluids Engineering},
	volume={82},
	number={1},
	pages={35--45},
	year={1960},
	publisher={American Society of Mechanical Engineers}
}

@article{osborn2010kalman,
	title={A Kalman filtering approach to the representation of kinematic quantities by the hippocampal-entorhinal complex},
	author={Osborn, Graham Wordsworth},
	journal={Cognitive Neurodynamics},
	volume={4},
	number={4},
	pages={315--335},
	year={2010},
	publisher={Springer}
}

@inproceedings{bousquet1997hippocampus,
	title={Is the hippocampus a Kalman filter?},
	author={Bousquet, Olivier and Balakrishnan, Karthik and Honavar, Vasant},
	booktitle={Proceedings of the Pacific Symposium on Biocomputing},
	pages={655--666},
	year={1997}
}

@article{nardini2008development,
	title={Development of cue integration in human navigation},
	author={Nardini, Marko and Jones, Peter and Bedford, Rachael and Braddick, Oliver},
	journal={Current Biology},
	volume={18},
	number={9},
	pages={689--693},
	year={2008},
	publisher={Elsevier}
}

@article{schultheis2011casimir,
	title={Casimir: an architecture for mental spatial knowledge processing},
	author={Schultheis, Holger and Barkowsky, Thomas},
	journal={Topics in Cognitive Science},
	volume={3},
	number={4},
	pages={778--795},
	year={2011},
	publisher={Wiley Online Library}
}

@article{sun2004top,
	title={Top-down versus bottom-up learning in cognitive skill acquisition},
	author={Sun, Ron and Zhang, Xi},
	journal={Cognitive Systems Research},
	volume={5},
	number={1},
	pages={63--89},
	year={2004},
	publisher={Elsevier}
}

@inproceedings{harrison2003act,
	title={{ACT-R/S}: Look Ma, no" cognitive-map},
	author={Harrison, Anthony M and Schunn, Christian D and others},
	booktitle={International Conference on Cognitive Modeling},
	pages={129--134},
	year={2003}
}

@inproceedings{goertzel2013cogprime,
	title={The CogPrime architecture for embodied artificial general intelligence},
	author={Goertzel, Ben and Ke, Shujing and Lian, Ruiting and O'Neill, Jade and Sadeghi, Khosrow and Wang, Dingjie and Watkins, Oliver and Yu, Guanding},
	booktitle={2013 IEEE Symposium on Computational Intelligence for Human-like Intelligence},
	pages={60--67},
	year={2013},
	organization={IEEE}
}

@inproceedings{samsonovich2011comparative,
	title={Comparative Analysis of Implemented Cognitive Architectures.},
	author={Samsonovich, Alexei V},
	booktitle={Biologically Inspired Cognitive Architectures},
	pages={469--479},
	year={2011},
	publisher={Elsevier}
}

@article{samsonovich2010toward,
	title={Toward a Unified Catalog of Implemented Cognitive Architectures.},
	author={Samsonovich, Alexei V},
	journal={Biologically Inspired Cognitive Architectures},
	volume={221},
	pages={195--244},
	year={2010}
}

@incollection{newell1973you,
	title={You can't play 20 questions with nature and win: Projective comments on the papers of this symposium},
	author={Newell, Allen},
	booktitle={Visual Information Processing},
	year={1973},
	publisher={New York: Academic Press},
	editor={Chase, W G}
}

@article{langley2009cognitive,
	title={Cognitive architectures: Research issues and challenges},
	author={Langley, Pat and Laird, John E and Rogers, Seth},
	journal={Cognitive Systems Research},
	volume={10},
	number={2},
	pages={141--160},
	year={2009},
	publisher={Elsevier}
}

@article{calabrese2013ontology,
	title={An ontology-based segmentation scheme for tracking postnatal changes in the developing rodent brain with MRI},
	author={Calabrese, Evan and Johnson, G Allan and Watson, Charles},
	journal={NeuroImage},
	volume={67},
	pages={375--384},
	year={2013},
	publisher={Elsevier}
}

@incollection{newman2011describing,
	title={Describing, navigating and recognising urban spaces-building an end-to-end SLAM system},
	author={Newman, Paul and Chandran-Ramesh, Manjari and Cole, Dave and Cummins, Mark and Harrison, Alastair and Posner, Ingmar and Schroeter, Derik},
	booktitle={Robotics Research},
	pages={237--253},
	year={2011},
	publisher={Springer}
}

@article{hartley2014space,
	title={Space in the brain: how the hippocampal formation supports spatial cognition},
	author={Hartley, Tom and Lever, Colin and Burgess, Neil and O'Keefe, John},
	journal={Philosophical Transactions of the Royal Society of London B: Biological Sciences},
	volume={369},
	number={1635},
	pages={20120510},
	year={2014},
	publisher={The Royal Society}
}

@inproceedings{machado2013evaluation,
	title={An evaluation of 2D SLAM techniques available in robot operating system},
	author={Santos, Joao Machado and Portugal, David and Rocha, Rui P},
	booktitle={2013 IEEE International Symposium on Safety, Security, and Rescue Robotics},
	pages={1--6},
	year={2013},
	organization={IEEE}
}

@article{vsimic1997volume,
	title={Volume and number of neurons of the human hippocampal formation in normal aging and Alzheimer's disease},
	author={{\v{S}}imi{\'c}, Goran and Bogdanovi{\'c}, Nenad},
	journal={Journal of Comparative Neurology},
	volume={379},
	number={4},
	pages={482--494},
	year={1997},
	publisher={Hrvatska znanstvena bibliografija i MZOS-Svibor}
}

@article{rapp1996preserved,
	title={Preserved neuron number in the hippocampus of aged rats with spatial learning deficits},
	author={Rapp, Peter R and Gallagher, Michela},
	journal={Proceedings of the National Academy of Sciences},
	volume={93},
	number={18},
	pages={9926--9930},
	year={1996},
	publisher={National Acad Sciences}
}

@article{greenauer2010micro,
	title={Micro-and macroreference frames: Specifying the relations between spatial categories in memory.},
	author={Greenauer, Nathan and Waller, David},
	journal={Journal of Experimental Psychology: Learning, Memory, and Cognition},
	volume={36},
	number={4},
	pages={938},
	year={2010},
	publisher={American Psychological Association}
}

@inproceedings{wurm2010octomap,
	title={OctoMap: A probabilistic, flexible, and compact 3D map representation for robotic systems},
	author={Wurm, Kai M and Hornung, Armin and Bennewitz, Maren and Stachniss, Cyrill and Burgard, Wolfram},
	booktitle={Proceedings of the ICRA 2010 Workshop on Best Practice in 3D Perception and Modeling for Mobile Manipulation},
	volume={2},
	year={2010}
}

@article{kuipers2000spatial,
	title={The spatial semantic hierarchy},
	author={Kuipers, Benjamin},
	journal={Artificial Intelligence},
	volume={119},
	number={1},
	pages={191--233},
	year={2000},
	publisher={Elsevier}
}

@article{mcnamara1989subjective,
	title={Subjective hierarchies in spatial memory.},
	author={McNamara, Timothy P and Hardy, James K and Hirtle, Stephen C},
	journal={Journal of Experimental Psychology: Learning, Memory, and Cognition},
	volume={15},
	number={2},
	pages={211},
	year={1989},
	publisher={American Psychological Association}
}

@article{hirtle1985evidence, title={Evidence of hierarchies in cognitive maps}, volume={13}, number={3}, journal={Memory \& Cognition}, author={Hirtle, S.C. and Jonides, J.}, year={1985}, pages={208--217}}

@article{madl2015computational,
	title={Computational cognitive models of spatial memory in navigation space: A review},
	author={Madl, Tamas and Chen, Ke and Montaldi, Daniela and Trappl, Robert},
	journal={Neural Networks},
	volume={65},
	pages={18--43},
	year={2015},
	publisher={Elsevier}
}

@article{marr1977understanding,
	author = {Poggio, Tomaso and Marr, David},
	journal = {Neurosciences Research Program Bulletin},
	pages = {470--488},
	title = {From understanding computation to understanding neural circuitry},
	volume = {15},
	year = {1977}
}

@techreport{marr1976understanding,
	title={From Understanding Computation to Understanding Neural Circuitry.},
	author={Marr, D and Poggio, T},
	year={1976},
	institution={DTIC Document}
}


@book{oaksford2007bayesian,
	title={Bayesian rationality: The probabilistic approach to human reasoning},
	author={Oaksford, Mike and Chater, Nick},
	year={2007},
	publisher={Oxford University Press}
}

@article{yuille2006vision,
	title={Vision as Bayesian inference: analysis by synthesis?},
	author={Yuille, Alan and Kersten, Daniel},
	journal={Trends in Cognitive Sciences},
	volume={10},
	number={7},
	pages={301--308},
	year={2006},
	publisher={Elsevier}
}

@article{kording2004bayesian,
	title={Bayesian integration in sensorimotor learning},
	author={K{\"o}rding, Konrad P and Wolpert, Daniel M},
	journal={Nature},
	volume={427},
	number={6971},
	pages={244--247},
	year={2004},
	publisher={Nature Publishing Group}
}

@article{cheng2007bayesian,
	title={Bayesian integration of spatial information.},
	author={Cheng, Ken and Shettleworth, Sara J and Huttenlocher, Janellen and Rieser, John J},
	journal={Psychological Bulletin},
	volume={133},
	number={4},
	pages={625},
	year={2007},
	publisher={American Psychological Association}
}

@article{ernst2006bayesian,
	title={A Bayesian view on multimodal cue integration},
	author={Ernst, Marc O},
	journal={Human Body Perception from the Inside Out},
	pages={105--131},
	year={2006},
	publisher={Oxford University Press New York}
}

@article{chater2010bayesian,
	title={Bayesian models of cognition},
	author={Chater, Nick and Oaksford, Mike and Hahn, Ulrike and Heit, Evan},
	journal={Wiley Interdisciplinary Reviews: Cognitive Science},
	volume={1},
	number={6},
	pages={811--823},
	year={2010},
	publisher={Wiley Online Library}
}

@article{knill2004bayesian,
	title={The Bayesian brain: the role of uncertainty in neural coding and computation},
	author={Knill, David C and Pouget, Alexandre},
	journal={TRENDS in Neurosciences},
	volume={27},
	number={12},
	pages={712--719},
	year={2004},
	publisher={Elsevier}
}

@article{reid2012slime,
	title={Slime mold uses an externalized spatial “memory” to navigate in complex environments},
	author={Reid, Chris R and Latty, Tanya and Dussutour, Audrey and Beekman, Madeleine},
	journal={Proceedings of the National Academy of Sciences},
	volume={109},
	number={43},
	pages={17490--17494},
	year={2012},
	publisher={National Acad Sciences}
}